3114 5046
157 336 195 413 s.
222 327 263 397 5.
320 321 500 424 Defensio
528 322 618 399 Non
644 324 762 398 deieci
787 320 855 395 ced
878 323 1013 399 obstiti.
1058 322 1120 386 389

57 523 158 590 nendi
179 527 238 590 aut
259 526 361 610 quasi,
384 523 521 591 tenendi
542 522 670 613 gradus
692 525 917 606 reuertamur,
947 541 1044 608 quem
1066 524 1122 588 io·
1139 531 1262 629 {25:¹⁸

55 664 126 712 cum
149 645 298 713 dicemus
321 641 513 712 Caecinam
520 696 530 734 ,
553 646 743 731 priusquam
766 664 787 711 a
808 644 913 711 iundo
934 646 1122 730 repellere-
1140 645 1212 686 ‘⁰⁶²⁵‘

55 773 127 854 tur,
162 759 376 835 obtinuisset

114 888 284 957 Videlicet
312 892 464 975 constat,
497 906 605 974 neque
635 887 828 973 possedisse
854 906 926 954 eum
951 906 1060 974 neque
1088 889 1122 953 in

56 1011 158 1076 iundo
175 1010 291 1078 inisse.
327 1011 380 1077 Ne
394 1012 513 1096 multa,
527 1008 627 1075 iteres
639 1008 713 1095 fieti
726 1006 1012 1095 usrofrnciaotiae
1027 1013 1123 1076 eiua-

56 1133 199 1223 demque
220 1132 397 1200 locatam
414 1128 643 1199 Caesenniae.
678 1132 798 1217 itaque
813 1130 922 1196 inimo
943 1132 999 1197 ilio
1013 1130 1123 1221 gradu

57 1254 259 1319 constitutus
280 1255 361 1340 iuit,
383 1271 490 1339 eoque
508 1272 575 1318 uno
590 1253 766 1320 adsonem
779 1254 876 1318 istum
892 1256 1123 1339 caeterosque,

58 1376 108 1460 qui
122 1376 218 1440 nulla
233 1394 384 1460 umquam
398 1377 529 1441 ratione
544 1374 680 1440 fundum
695 1375 908 1463 attigissent,
930 1376 1124 1442 antecessit.

115 1531 206 1615 Quid
245 1536 359 1599 mirum
391 1535 514 1624 igitur,
554 1530 720 1599 Pisonem
751 1535 886 1598 summis
918 1534 1046 1601 uiribus
1078 1531 1120 1598 ad
1140 1532 1250 1631 2⁸:333,

61 1655 184 1721 nodum
206 1655 436 1741 supradictum
458 1673 676 1744 oppugnasse
698 1647 943 1724 interdictum?

116 1815 146 1880 Ε
167 1816 341 1880 contrario
369 1816 530 1879 neminem
560 1816 745 1900 praeterire
768 1813 886 1899 debet,
917 1816 1034 1899 paucis
1056 1835 1121 1880 on-

64 1937 108 2002 nis
134 1941 216 2002 ante
245 1955 342 2022 quam
371 1934 455 2002 haec
481 1954 602 2002 caussa
628 1938 706 2001 acta
736 1938 809 2019 est,
843 1937 980 2022 primum
1001 1955 1122 2002 nouam

65 2075 126 2123 eam
147 2054 322 2124 interdicti
342 2056 480 2123 formam
495 2058 721 2146 excogitatam
737 2059 1019 2144 constitutamque
1033 2058 1122 2124 iuis-

66 2172 161 2266 se¹⁴);
197 2175 389 2246 Aebutiam
418 2180 522 2269 igitur
549 2181 583 2244 in
613 2183 782 2247 recentem
805 2199 1028 2267 summamque
1051 2182 1123 2246 eius

67 2299 138 2367 iuris
158 2301 375 2367 seueritatem
397 2299 566 2367 incidisse.

117 2421 256 2489 Recens
277 2428 352 2488 erat
372 2424 528 2488 memoria
550 2424 705 2488 licentiae
727 2423 816 2488 iilius
837 2442 881 2489 ex
909 2425 1007 2490 beiits
1036 2426 1122 2491 ciui-

68 2540 143 2610 iitus
170 2542 348 2626 oriundae,
384 2563 451 2631 qua
482 2546 597 2630 armis,
630 2545 685 2629 qui
714 2542 811 2608 modo
833 2549 992 2629 possent,
1025 2565 1121 2630 quom

68 2661 127 2732 iure
148 2664 326 2734 decertare
347 2666 501 2752 mellent,
535 2683 656 2732 recens
677 2664 786 2730 odium
809 2667 915 2730 maiae
937 2667 1009 2730 eius
1036 2684 1122 2732 con-

68 2786 260 2875 suetudinis,
281 2805 368 2874 quse
389 2806 456 2852 non
479 2788 583 2852 solum
606 2786 648 2852 sd
671 2806 727 2852 res
748 2789 973 2873 priuatorum,
995 2786 1056 2852 sed
1078 2787 1122 2852 ad

66 2924 215 2974 umnam
236 2908 471 2995 rempublicam
494 2910 663 2994 pertinere
684 2910 802 2975 merito
823 2910 896 2974 uisa
919 2913 981 2974 est.

116 3029 171 3096 Eo
193 3048 315 3098 caussa
336 3031 448 3096 iuerat
472 3031 550 3095 noui
570 3028 667 3094 huius
687 3029 855 3097 interdicti
880 3030 1122 3113 constituendi,

64 3170 121 3236 quo
136 3154 265 3219 certam
286 3169 503 3236 seueramque
518 3169 681 3217 armorum
698 3169 853 3236 poenam,
875 3155 1053 3237 praeterea
1068 3153 1123 3217 ni-

63 3269 114 3355 iii,
140 3290 338 3355 comparare
353 3274 546 3354 uoluerant3
568 3273 648 3337 iilud
665 3273 764 3357 piane
780 3274 1021 3363 neglexerant,
1043 3292 1122 3341 cer-

63 3396 123 3460 ton
140 3392 315 3481 quemdam
336 3391 534 3459 restituendi
556 3393 818 3479 aestimandique
839 3393 969 3459 modum
985 3393 1122 3462 deiinire

63 3520 114 3581 sut
130 3518 266 3584 curiose
287 3533 425 3602 cauere,
448 3533 508 3601 ne,
531 3516 585 3600 qui
607 3517 672 3579 uim
694 3518 853 3583 armatam
875 3536 996 3602 possus
1018 3520 1123 3604 esset,

64 3638 92 3702 in
108 3639 279 3705 meliorem
294 3637 474 3723 aliquando
492 3635 740 3723 condicionem,
763 3657 858 3723 quam
874 3641 975 3703 antea
992 3638 1123 3721 fuisset,

67 3763 302 3827 restitueretur.
346 3759 499 3844 Denique
528 3759 696 3843 antiquius
724 3760 829 3822 uisum
852 3763 923 3843 est,
946 3763 1041 3825 certa
1062 3779 1122 3825 se-

68 3899 202 3970 uereque
236 3900 364 3968 poena,
400 3884 455 3966 qui
494 3880 594 3945 armis
626 3898 707 3943 usus
739 3884 847 3965 esset,
883 3879 987 3964 affici,
1025 3898 1120 3965 quam

99 4174 134 4234 it)
155 4175 222 4226 Vide
250 4185 330 4233 supro
353 4186 379 4234 p.
403 4171 463 4221 ΒΞΔ.
488 4178 514 4221 et
532 4185 559 4233 p.
580 4169 640 4220 327.
662 4177 717 4220 uot.
734 4170 758 4218 ii.
