3114 5046
234 327 273 405 ς.
293 316 336 387 6.
388 309 450 388 De
471 312 709 415 Arpumsato
734 316 931 391 orafimeis.
1066 334 1129 399 cor

62 505 139 589 ipse
159 501 310 570 'l'uillum'
323 503 523 588 deduceret,
550 505 610 570 aut
632 504 675 570 ab
697 521 738 569 eo
760 503 994 573 deduceretur.
1043 506 1129 573 'l'ul-
1146 530 1264 575 aunan.

61 626 130 691 lius
159 644 198 691 se
226 625 444 692 deducturum
472 624 573 692 dicit:
610 624 831 691 uadimonium
857 627 964 694 Fabio
988 628 1128 695 Romam

63 749 310 833 promissurum.
349 745 471 813 Manet
492 749 527 812 in
549 765 590 812 es
612 747 809 814 condicione
831 747 970 815 Tullius.
1002 749 1129 817 Disce-

62 868 164 935 ditur.
215 867 338 934 Verum
362 869 448 934 enim
474 886 557 933 uero
586 870 652 933 uim
677 871 774 936 istam
798 872 1025 959 imaginarium
1046 873 1129 937 iuris

62 991 172 1056 ciuilis
200 991 376 1074 praeuenit
405 990 530 1056 Fabium
560 989 668 1056 solida
694 994 728 1056 ui
754 994 929 1078 armisque.
970 991 1130 1059 Proxima

62 1114 150 1179 em
167 1113 284 1194 nocte,
306 1112 369 1175 inm
391 1110 464 1177 fere
485 1114 544 1177 lux
566 1131 638 1179 eum
660 1116 968 1199 appropinquaret,
989 1114 1129 1180 ueniunt

62 1236 95 1300 in
117 1233 322 1318 aedilicium,
351 1232 440 1321 quod
462 1238 535 1299 erat
565 1237 599 1299 tn
621 1237 775 1300 centuria
797 1234 1004 1319 Populiana,
1038 1237 1129 1301 serui

62 1355 100 1422 P.
123 1356 236 1441 Fabii,
261 1358 432 1422 introitum
453 1357 517 1422 sibi
539 1357 573 1421 ui
595 1373 758 1442 manuque
779 1357 951 1441 aperiunt,
978 1355 1130 1423 homines

62 1480 176 1567 magni
197 1480 296 1564 pretii
319 1478 369 1544 Μ.
390 1477 490 1544 'l'ullii
511 1478 727 1560 adoriuntur,
748 1476 885 1544 caedem
906 1482 1056 1545 atrocem
1072 1478 1131 1547 ia-

62 1601 173 1684 ciunt,
199 1605 322 1666 tectum
352 1600 530 1685 uillamque
551 1599 753 1665 disturbant.
788 1598 976 1665 Nunciatur
999 1619 1057 1666 res
1077 1598 1131 1665 Μ.

61 1720 192 1803 Tullio,
216 1723 272 1807 qui
294 1722 472 1788 confestim
494 1725 572 1805 post
594 1724 762 1805 patratum
784 1721 933 1804 facinus,
955 1724 993 1786 ut
1015 1724 1130 1790 testa-

61 1846 130 1907 tum
160 1841 272 1928 iteret,
304 1841 349 1908 ad
375 1845 502 1909 amicos
530 1843 648 1926 mittit,
679 1840 899 1927 iudiciumque
920 1841 971 1926 id,
999 1844 1035 1909 in
1061 1862 1128 1929 quo

60 1960 182 2033 Cicero
204 1963 292 2031 lianc
313 1966 499 2030 orationem
520 1962 654 2047 habuit,
675 1968 884 2048 praeparat·

124 2126 196 2190 lam
218 2127 324 2211 primo
345 2124 439 2211 ioco,
471 2127 508 2188 ut
530 2124 573 2190 ab
596 2142 655 2205 eo,
692 2122 782 2205 quod
803 2123 911 2188 leuius
933 2125 1011 2204 est,
1038 2123 1128 2189 inci·
1145 2149 1252 2192 maron

60 2247 170 2331 pium,
195 2245 342 2312 nondum
364 2245 440 2311 milri
463 2244 655 2331 expeditum
676 2246 744 2328 est,
766 2242 856 2331 quod
880 2242 1019 2311 l'ulttus
1039 2243 1128 2311 dici.
1145 2210 1218 2259 ’Μ

60 2373 117 2433 tur
137 2366 267 2433 Romae
295 2363 527 2433 Aemoniam
554 2367 766 2452 appellasse,
796 2364 855 2431 laic
882 2368 994 2431 autem
1022 2365 1129 2432 adro-

57 2492 185 2581 ganter
205 2487 432 2574 respondisse.
458 2487 541 2555 Nam
564 2507 680 2573 parum
702 2486 862 2555 credibile
885 2486 961 2552 mihi
981 2487 1128 2569 uidetur,

56 2610 300 2693 Acerronium,
333 2629 431 2697 quum
460 2609 598 2676 iundum
624 2629 646 2676 a
673 2610 780 2676 Fabio
806 2611 954 2691 emeret,
976 2606 1126 2695 Romae,

57 2750 170 2818 neve
190 2750 258 2798 una
279 2750 353 2799 cum
375 2731 440 2798 lroc
462 2732 496 2796 in
521 2730 678 2798 Tdurtao
701 2731 817 2798 inisse.

128 2849 217 2936 Quid
238 2844 369 2944 igitur?
401 2871 478 2919 num
499 2853 589 2919 forte
610 2850 840 2939 Acerronius,
862 2869 884 2918 s
906 2854 1127 2938 procuratore

56 2974 161 3042 Tullii
182 2973 225 3040 de
251 2974 341 3040 falso
368 2977 444 3064 agri
473 2972 569 3039 modo
592 2977 783 3060 proscripto
804 2972 1010 3054 admonitus,
1045 2969 1142 3037 un·-

55 3096 157 3165 uum
176 3087 389 3183 appellauit?
409 3095 467 3162 lata
487 3099 614 3172 autem,
637 3114 734 3180 quum
755 3096 819 3159 uiri
841 3095 937 3179 probi
960 3098 994 3193 et
1016 3092 1126 3158 hone-

53 3219 102 3285 sti
133 3234 310 3301 personum
338 3220 480 3306 ageret,
515 3216 766 3307 indignabundo
786 3215 963 3301 respondit
984 3208 1136 3299 emptori

53 3338 157 3406 ddem
184 3358 277 3406 suam
309 3342 343 3404 in
374 3338 551 3406 discrimen
578 3330 743 3405 uocanti?
781 3336 857 3419 Quo
891 3342 993 3422 pacto
1021 3336 1127 3401 uerba

52 3461 137 3546 illa,
169 3478 255 3548 quae
286 3462 374 3527 inter
401 3455 430 3535 §.
454 3459 503 3523 it.
526 3463 561 3527 et
582 3455 608 3535 t
633 3456 715 3533 12²)
746 3460 933 3545 perierunt,
963 3459 1024 3523 tali
1050 3457 1126 3524 iere

51 3583 229 3650 sententis
252 3582 414 3649 inissent:

87 3803 122 3871 ἱ)
139 3803 484 3872 lussodics(dmbrosiuno)
496 3808 564 3859 hoec
619 3809 713 3856 «socio
730 3803 780 3855 Gn.
794 3800 939 3855 Acerronio
956 3802 1016 3851 uiro
1035 3813 1070 3862 op
1092 3826 1121 3838 -

52 3896 202 3962 legunturs
223 3894 562 3959 ‹Aepnmumquoooum
618 3894 748 3959 (Desunt
770 3891 895 3942 undecim
926 3887 1069 3954 uersiculi)
1089 3915 1124 3927 —-

54 3987 182 4050 ansgotii
197 3988 280 4036 totius
295 3991 322 4036 et
338 3989 480 4048 emptionis
499 3998 563 4037 suae
621 3981 674 4046 «ss.
688 3982 732 4033 1¹1.
744 4015 753 4031 .
765 4016 773 4031 .
786 4014 793 4028 .
807 3979 915 4031 modum
925 3981 1122 4042 proscripsisse.

53 4073 254 4139 «poenituisti,
268 4074 379 4125 iuudum
394 4077 563 4138 proscripsit:
620 4062 785 4122 silomiu'em
808 4070 935 4132 appellnt.
982 4067 1035 4121 lste
1059 4081 1123 4120 sons

54 4170 241 4219 «samonum
250 4169 371 4226 emptum
381 4163 563 4219 iubebatcnm
620 4162 815 4225 «octogonam,
852 4158 925 4222 quod
954 4155 1121 4209 commodum
