3114 5046
321 369 385 436 318
418 366 514 471 Gap.
540 370 576 445 1.
626 369 688 446 De
713 374 799 446 iure
824 393 984 445 caussae
1010 367 1280 446 Cocciniaooe.

166 577 302 645 mme-
321 571 432 635 stetim
461 589 483 636 e
511 571 673 655 principio
703 567 899 655 interdicte,
931 570 1052 654 quibus,
1077 571 1111 633 in
1135 571 1383 654 possessionen

181 648 302 734 Ἠῶ
320 694 572 774 restitueretur,
594 694 784 776 competere
799 691 1012 776 putabantur.
1048 686 1154 757 Simul
1170 694 1382 776 perspectum

319 817 373 879 est
409 816 468 877 sut
502 813 593 878 breui
617 815 757 897 posteo,
788 814 886 878 etiem
910 814 961 897 ei,
993 814 1088 878 ouius
1117 811 1273 878 detrecto
1301 833 1384 878 usu·

319 934 431 1000 iruetu
464 935 538 1018 ipse
565 952 621 998 res
650 938 761 1018 esset,
795 931 974 1019 aliquando
1007 932 1049 998 de
1078 935 1111 998 ui
1141 932 1322 1001 interdicte
1350 938 1383 998 et

319 1057 511 1121 necessarie
534 1059 568 1120 et
589 1055 683 1120 utilis
704 1072 789 1120 esse.
832 1054 927 1122 'luno
954 1060 1094 1141 uterque
1122 1055 1306 1142 possidere
1328 1053 1382 1119 di-

319 1177 475 1262 oebntur,
506 1173 572 1240 teni
603 1176 763 1242 domiuus
793 1194 888 1262 quum
915 1175 1212 1260 usufructuariae.
1265 1176 1382 1261 Neque

320 1315 470 1383 umquem
495 1301 614 1381 postea
636 1295 700 1364 lioc
729 1301 803 1378 tur,
835 1299 864 1363 si
891 1299 956 1362 uim
986 1301 1021 1362 et
1048 1297 1202 1364 ellectum
1229 1302 1383 1382 spectes,

319 1421 478 1484 mutatum
512 1422 573 1482 esi.
631 1415 740 1482 liutto
773 1422 883 1484 eutem
917 1420 999 1484 iuris
1034 1437 1075 1485 sc
1106 1418 1210 1484 ueluti
1244 1417 1361 1504 formo
1373 1467 1383 1504 ‚

319 1558 416 1624 quum
439 1541 635 1624 praesertim
656 1537 700 1604 ed
721 1541 806 1606 elios
827 1558 958 1626 quoque
980 1541 1062 1604 iuris
1077 1543 1193 1625 partes
1207 1541 1382 1624 possessio

320 1660 466 1742 ualeret,
487 1679 528 1726 ec
551 1663 731 1746 propterea
751 1663 943 1750 generalem
966 1662 1192 1745 possessionis
1220 1663 1383 1726 rationem

320 1780 594 1866 disciplinamque
610 1785 807 1848 construere
829 1783 926 1869 periti
949 1785 984 1846 et
1007 1784 1164 1847 excolere
1181 1783 1383 1867 coepissent,

318 1903 368 1969 sic
393 1903 562 1988 poulletlm
586 1902 649 1970 hoc
672 1921 803 1989 quoque
825 1903 900 1970 loeo
923 1907 1077 1969 correcte
1098 1907 1170 1968 est:

383 2023 495 2090 Primo
517 2026 693 2112 inelegans
715 2026 820 2090 uisum
843 2029 912 2105 est,
939 2021 1077 2089 eandem
1099 2041 1169 2089 rem
1191 2042 1212 2089 e
1235 2025 1384 2110 pluribus

319 2146 415 2211 simul
438 2147 472 2210 in
494 2144 633 2210 solidum
657 2144 841 2232 possideri,
872 2147 1068 2229 praesertin
1090 2164 1137 2211 es
1159 2150 1257 2213 lustu
1279 2167 1384 2212 com-

320 2286 362 2333 so
384 2266 428 2332 ob
450 2271 595 2355 utroque
610 2263 661 2339 ¹²).
704 2266 823 2351 Itaque
845 2285 972 2355 negare
993 2273 1197 2351 coeperunt,
1229 2269 1285 2355 qui
1307 2272 1384 2333 ute-

321 2392 415 2454 retur
437 2388 621 2473 iruerelur‚
653 2405 726 2452 eum
753 2407 828 2453 rem
855 2392 970 2476 ipsam
992 2406 1071 2453 uere
1094 2387 1289 2475 possidere,
1322 2388 1386 2454 do-

321 2510 440 2575 minum
462 2511 510 2575 ita
530 2512 721 2576 statuerunt
744 2509 933 2595 possidere,
967 2514 1003 2575 ut
1032 2511 1251 2577 fructuarium
1273 2516 1385 2577 temen

356 2794 400 2861 12)
418 2799 450 2849 l..
465 2798 491 2848 3.
505 2797 534 2862 5.
549 2798 576 2849 5.
595 2797 680 2849 Dent.
699 2810 725 2849 r.
742 2800 775 2850 Α.
789 2799 821 2849 P.

322 2885 454 2951 (Paullus)
482 2901 511 2936 (ι.
534 2922 570 2935 ..
599 2887 687 2948 plures
711 2888 822 2939 eundem

322 2989 400 3030 «rem
427 2977 590 3028 insolidum
613 2977 748 3038 possidere
769 2989 823 3026 uon

323 3071 474 3127 «possuntt
498 3073 589 3117 eontra
607 3072 728 3118 usturam
747 3068 824 3127 quip-

323 3167 379 3217 «pe
406 3161 461 3214 est,
490 3162 536 3216 ul,
569 3168 629 3205 eum
652 3169 700 3218 ego
722 3153 821 3218 ailquid

323 3249 471 3302 «moerin,
503 3249 532 3293 tu
554 3257 660 3307 quoque
682 3243 709 3292 ld
731 3250 823 3295 tenere

323 3332 470 3382 suideerls.
516 3330 632 3382 Solinus
653 3337 741 3383 temen
762 3334 823 3382 sorl-

323 3421 399 3481 «ott,
420 3434 496 3479 eum,
516 3423 563 3480 qul
578 3424 697 3479 precerlo
709 3420 822 3480 dederit,

323 3514 373 3559 eet
389 3510 477 3569 ipsum
489 3507 626 3568 possidere
640 3514 755 3567 etcum,
776 3511 822 3569 qul

324 3598 464 3658 epreourio
486 3598 629 3656 receperit.
666 3595 740 3646 ldem
763 3596 824 3644 lle-

324 3683 433 3734 nloto'ur
445 3683 574 3746 probrosi
585 3685 747 3743 existimaus,
763 3698 823 3748 pos·

323 3786 373 3823 ese
383 3772 464 3823 elium
476 3775 546 3825 iusto
558 3773 639 3824 ellum
652 3775 751 3826 luluste
764 3788 824 3837 pos·

324 3861 453 3920 «sideru
483 3862 550 3912 duos
573 3865 670 3914 iniuste
689 3862 733 3914 uei
756 3864 823 3914 duos

326 3952 415 4000 «iuste
429 3964 483 4001 nou
500 3964 586 4013 posse.
631 3951 716 4013 Quem
737 3951 821 4001 Loieo

324 4039 529 4100 «reprehendit,
544 4043 671 4102 quonium
685 4043 711 4090 lu
721 4054 822 4090 summe

324 4130 519 4190 «possessionis
540 4141 593 4178 non
613 4128 724 4178 multum
744 4132 822 4180 luter·

324 4222 402 4276 sest,
430 4219 498 4267 iuste
518 4220 577 4279 quis
593 4229 627 4266 uu
646 4219 742 4269 luluote
762 4230 822 4279 pos·

880 2800 1005 2858 «sideru
1032 2798 1105 2862 quod
1127 2804 1168 2850 est
1188 2801 1304 2851 uerius:
1334 2812 1386 2849 uon

880 2890 983 2951 «mugls
1017 2889 1089 2938 enim
1123 2887 1219 2938 erdem
1251 2891 1386 2950 possessio

880 2977 974 3040 repud
995 2976 1061 3026 duos
1088 2988 1145 3026 esse
1165 2981 1272 3039 potest,
1306 2990 1386 3041 quum

880 3071 935 3114 «ut
952 3071 981 3114 tu
998 3071 1068 3115 sture
1080 3063 1198 3114 ulderrls
1216 3066 1246 3114 in
1267 3079 1300 3116 eo
1317 3066 1384 3127 loeo,

879 3157 929 3203 «ilo
948 3167 1002 3216 quo
1022 3166 1070 3216 ego
1083 3157 1140 3211 sto;
1169 3153 1213 3204 uel
1227 3156 1255 3204 lu
1269 3168 1326 3217 quo
1339 3169 1386 3220 epo

880 3243 1001 3301 «sedeo,
1026 3247 1055 3292 tu
1074 3241 1168 3293 sedere
1185 3241 1334 3295 uideatis.»
1356 3268 1384 3279 -

878 3332 909 3382 Ι..
924 3330 967 3382 iil.
982 3343 1022 3391 pr.
1037 3329 1076 3379 lle
1090 3332 1222 3393 precerlo.
1241 3330 1386 3395 (lulianus)

880 3421 962 3470 elluo
976 3418 1129 3469 insolidum
1143 3423 1266 3481 precario
1286 3421 1385 3474 hebere

880 3521 955 3558 enon
964 3508 1045 3570 mugio
1058 3514 1186 3570 possunt,
1198 3522 1281 3572 quem
1292 3510 1348 3561 duo
1360 3513 1385 3561 iu

880 3596 1015 3647 «solidum
1035 3600 1062 3647 ul
1081 3596 1219 3659 possidere
1237 3604 1285 3648 sut
1298 3600 1383 3651 elem:

881 3699 962 3737 unum
982 3698 1070 3747 oeque
1091 3688 1176 3737 lustee
1202 3699 1296 3749 neque
1319 3691 1385 3740 lulu-

881 3781 957 3827 ustse
982 3779 1160 3838 possessiones
1182 3778 1254 3831 duee
1276 3793 1385 3833 eoncor-

880 3878 961 3916 nrere
974 3872 1119 3925 possunt.»
1134 3865 1211 3917 Coni-
1220 3866 1252 3917 Ι..
1265 3869 1310 3919 15.
1321 3868 1383 3933 §.d

880 3954 939 4003 cod.
954 3956 983 4003 L.
996 3956 1021 4003 ³.
1034 3969 1074 4017 pr.
1091 3956 1132 4004 Uli
1147 3957 1303 4018 possidetis.
1319 3958 1349 4007 Ι..
1359 3959 1384 4007 5.

880 4041 908 4106 5.
933 4045 975 4092 15.
1005 4043 1180 4094 Commodetl.
1208 4072 1237 4080 -
1261 4047 1387 4097 §coteler

880 4133 896 4180 l.
912 4133 928 4181 l.
944 4131 973 4195 ὃ.
989 4133 1032 4182 11.
1048 4147 1073 4194 p.
1090 4131 1149 4182 183.
1165 4146 1245 4196 seqq.
