3114 5046
63 403 99 479 s.
116 389 160 466 2.
187 386 249 462 De
265 396 350 463 occ.
367 390 453 461 iure
466 392 503 460 et
510 387 638 483 forne.
652 425 700 436 -
717 380 1024 459 controuersiae.
1063 400 1126 464 563

82 558 85 565 ¹
127 577 290 644 Profecto
322 575 387 642 hoc
419 592 551 661 quoqne
587 572 732 659 Ulpiani
762 573 935 639 consilium
965 572 1034 638 tole
1065 574 1128 657 est,
1145 587 1295 688 owen

64 705 102 767 ut
134 697 281 767 Santoni
312 696 411 780 iliud,
446 694 535 781 quod
562 694 606 760 od
629 693 661 759 d.
681 689 708 767 §.
730 693 760 756 7.
782 696 930 780 notauit,
963 694 1129 780 argutiori
1202 676 1209 689 ’

64 842 139 889 eum
152 821 428 887 IurIsconsultum
453 820 488 883 in
507 816 573 883 hoc
592 815 713 883 Edicto
734 814 978 901 interpretandi
997 817 1129 882 ratione

63 962 161 1009 usum
189 960 283 1030 esse,
311 940 406 1027 mihi,
435 938 591 1025 quicquid
611 940 731 1005 contro
755 936 846 1004 dicut
866 932 1129 1026 Hmcoeoow),

66 1067 119 1131 bis
132 1082 247 1130 uerum
269 1081 345 1128 esse
366 1060 530 1127 uidentur.

131 1218 220 1304 Quid
241 1212 382 1287 cutem?
414 1221 550 1286 obiiciat
571 1220 706 1308 aliquis,
736 1238 846 1285 nonne
875 1219 1073 1285 uocabulum
1092 1223 1132 1309 ut

66 1350 136 1411 tom
154 1345 188 1409 in
205 1342 327 1410 Edicto
346 1361 442 1428 quom
461 1345 496 1407 in
515 1341 628 1409 iudicii
650 1343 791 1408 formula
807 1340 1012 1426 adscriptum
1028 1340 1132 1408 fuisse

66 1457 242 1534 dicemus?
268 1484 379 1530 nonne
411 1463 578 1549 idipsum
607 1463 651 1529 od
679 1462 923 1550 praecidendos
952 1465 1037 1529 istos
1058 1482 1133 1527 om.

65 1589 179 1677 bages
202 1586 482 1673 efficacissimum,
510 1587 788 1672 promptissimum
812 1591 847 1652 et
878 1586 1036 1669 Imprimis
1068 1603 1133 1651 ne-

67 1710 251 1776 cessarlum
273 1700 365 1773 fuit?

131 1828 355 1915 Respondoo,
376 1847 427 1895 me
449 1831 483 1893 in
506 1827 644 1913 Edicto,
667 1828 756 1913 quod
778 1831 811 1893 in
835 1828 865 1893 d.
887 1830 927 1895 L.
946 1828 977 1890 2.
993 1847 1043 1914 pr.
1058 1832 1133 1894 tro*

69 1951 180 2037 ditur,
202 1951 249 2016 nil
270 1952 477 2034 conspicere.

134 2072 184 2138 At
206 2075 290 2138 enim
313 2075 528 2157 conspicuum
552 2078 604 2138 est
626 2071 707 2137 illud
728 2091 803 2140 uoe.
824 2078 863 2138 ui
881 2073 916 2137 in
931 2073 1038 2138 ueteri
1059 2071 1136 2137 for-

69 2187 204 2271 mula¹¹)
228 2197 263 2259 ct
283 2195 317 2258 in
340 2213 429 2258 nouo
451 2193 549 2259 huius
570 2197 714 2261 oetroms
736 2196 884 2279 nomine,
906 2192 995 2279 quod
1017 2193 1137 2260 estV1

70 2317 238 2382 botrorum
252 2319 436 2402 raptorum
446 2312 499 2402 ¹²),
522 2318 701 2401 quinetiam
716 2319 749 2379 in
771 2335 827 2403 eo,
850 2315 939 2401 quod
965 2313 1136 2404 Ulpiorum

70 2439 120 2503 ito
149 2439 338 2502 uniuersum
368 2439 513 2503 notionis
546 2438 718 2503 eonsilium
750 2437 843 2502 breui
874 2436 1137 2523 comprehendit,

70 2563 110 2623 ut
132 2557 244 2642 dicct,
265 2557 330 2624 hoc
353 2557 475 2624 Edicto
498 2562 617 2624 contra
639 2576 690 2641 cc,
712 2578 798 2643 quae
820 2562 857 2624 ui
879 2559 1138 2645 committuntur,

71 2679 268 2746 Praetorem
290 2675 557 2752 consuluisse¹³).

135 2801 193 2867 Nil
213 2820 385 2891 repugno,
414 2819 478 2867 nec
500 2800 732 2887 dissimulabo,
760 2803 870 2866 mirari
898 2820 949 2867 mo
982 2802 1138 2888 aliquan-

72 2925 179 2989 tulum
200 2942 264 2990 nec
285 2926 370 2988 sotis
392 2922 534 3009 habere,
556 2922 645 2988 undo
659 2925 821 2989 rationem
836 2921 973 2988 reddam
989 2923 1140 2988 omnibns

73 3046 220 3112 numeris
241 3047 445 3132 absolutum,
474 3062 535 3110 cur
562 3062 636 3111 uoc.
664 3049 702 3109 oi
732 3064 774 3110 ex
802 3042 923 3110 Edicto
951 3043 1141 3129 iudicioque

74 3168 268 3232 euomuerit:
290 3167 470 3231 euomuisse
492 3169 604 3231 tamen
625 3164 745 3251 eredo,
774 3184 837 3231 nec
860 3169 984 3231 temere
1005 3167 1049 3231 ob
1075 3163 1142 3233 Ul-

74 3292 203 3375 piorto,
232 3307 332 3370 quum
360 3286 472 3353 Edicti
499 3288 604 3353 uerbo
631 3287 793 3374 referret,
827 3286 946 3353 nedum
968 3305 989 3353 n
1014 3286 1142 3353 Tribo-

76 3410 178 3476 niono
200 3411 259 3472 out
281 3426 303 3472 o
326 3409 489 3493 librariis,
511 3411 664 3473 omissum
687 3427 763 3474 esse
771 3404 822 3483 14).

137 3529 226 3597 Num
247 3536 284 3594 ut
305 3530 387 3596 nihil
409 3530 516 3596 dicam
538 3529 580 3596 de
595 3527 775 3598 codicibus
796 3552 889 3618 mss,
911 3532 992 3597 nihii
1015 3531 1057 3596 de
1072 3531 1145 3597 Bo-

81 3652 198 3740 silieis,
232 3671 369 3737 quorum
403 3655 455 3718 est
486 3655 520 3715 in
548 3653 731 3718 omittendo
756 3655 812 3718 illo
835 3654 999 3719 uocabulo
1021 3670 1146 3717 summo

84 3775 276 3859 consensio,
304 3773 400 3858 quid,
428 3775 456 3839 si
485 3777 632 3840 ueterem
662 3776 750 3840 illam
773 3776 950 3840 uerborum
972 3774 1144 3838 formulam

117 4040 160 4104 10)
182 4044 199 4092 Ι.
216 4042 234 4091 Ι.
248 4055 274 4104 ρ.
289 4042 350 4093 191.
680 4040 723 4104 13)
743 4043 809 4094 vido
822 4055 882 4103 sup.
895 4054 921 4103 o.
935 4042 998 4094 547.
1013 4048 1068 4092 not.
1083 4044 1126 4091 10.

118 4128 159 4193 11)
180 4129 249 4180 Vide
263 4144 342 4192 rouro
357 4146 383 4194 μ.
397 4132 459 4182 511.
681 4130 723 4195 11)
742 4132 847 4183 Mecum
867 4133 947 4182 sentit
964 4130 1146 4180 Urnierooiznr·

119 4218 158 4275 11)
179 4219 247 4269 vido
261 4231 319 4278 sun.
337 4233 361 4280 p.
374 4221 433 4271 515.
450 4231 504 4271 nort.
520 4222 543 4268 1.
647 4234 692 4266 ror
706 4223 722 4268 1.
739 4222 754 4268 Ι.
772 4234 797 4282 p.
812 4221 873 4270 725.
890 4225 944 4268 not.
961 4220 987 4268 in
