3114 5046
232 313 270 392 s.
297 302 337 376 4
392 299 561 378 Caecina
586 301 798 401 possederit
822 324 949 377 acerra
1062 302 1124 366 ³⁶5

63 503 131 566 siue
155 502 372 590 magistratus
393 502 519 566 auxillo
542 501 662 567 euitarl
684 503 849 586 potuerit,
872 504 1125 581 nouamtamcn
1144 509 1278 607 lma·

63 622 291 690 difficultatem
314 618 491 689 Uuectrrue
512 622 669 688 attulisse
690 625 775 687 satis
796 622 956 688 credibile
978 626 1040 688 est.

121 778 195 848 Sed
217 784 253 846 ut
275 780 320 847 ad
342 800 382 847 ca
403 785 573 864 reuertar,
597 799 682 865 quac
698 783 844 847 certiora
858 785 960 846 antea
976 780 1126 867 ostendi,

62 921 119 970 cur
141 902 358 969 denunclauit
374 898 551 968 Caeciliae
565 899 756 989 Aebutius,
779 921 843 969 nec
865 903 977 988 potius
998 904 1127 987 impru-

63 1024 193 1091 dentem
216 1026 302 1090 male
323 1023 457 1113 agendo
480 1023 712 1088 detrimentum
735 1041 858 1108 capere
882 1042 1002 1108 passus
1024 1015 1106 1088 est‘i

125 1145 256 1230 Nempe
271 1147 334 1212 sibi
350 1147 421 1230 ipse
436 1145 623 1227 consuluit,
645 1164 688 1210 ne
703 1147 868 1211 malitiose
890 1144 1034 1211 tacendo
1058 1144 1127 1209 doll

62 1286 101 1334 ac
121 1266 252 1333 fraudis
274 1269 398 1333 crimen
421 1268 623 1351 incurreret,
652 1266 804 1351 adeoque
827 1268 1038 1355 ignorantiae
1061 1286 1126 1331 ex-

62 1391 284 1471 cusationem,
307 1393 375 1452 tum
390 1390 658 1476 magistratuum,
681 1389 735 1472 qui
759 1389 811 1452 ius
833 1387 1003 1469 dicerent,
1025 1389 1126 1452 auxi-

62 1511 137 1574 lium
160 1511 191 1574 ei
214 1510 427 1575 conciliaret:
461 1526 536 1572 nam
559 1512 592 1573 ln
615 1509 775 1573 eiusmodi
798 1511 899 1574 rebus
920 1511 1060 1574 alterum
1083 1509 1126 1574 ab

62 1632 168 1697 altero
192 1629 340 1712 edoceri,
373 1631 454 1694 luris
476 1629 716 1714 quodammodo
739 1649 780 1696 ac
802 1633 1016 1696 necessitatis
1040 1630 1127 1695 tuis

63 1771 115 1838 se,
151 1771 226 1819 cum
256 1753 418 1836 exemplis
453 1771 556 1836 supra
586 1752 699 1816 allatis
726 1753 865 1837 aliisque
896 1753 1021 1839 multis,
1058 1756 1126 1815 tum

64 1876 148 1938 omni
170 1878 487 1960 tottermpationum
515 1877 552 1937 tn
574 1877 651 1937 inre
673 1874 812 1938 materia
835 1877 868 1937 et
892 1875 1024 1937 ratione
1047 1891 1128 1958 per-

63 1998 212 2081 spicuum
243 1997 306 2059 est
349 1993 501 2060 Adlicias
529 1969 624 2078 licet,
656 1994 737 2060 nihil
767 1996 831 2059 sibl
852 1991 1042 2060 Aebutium
1063 1994 1128 2060 dc-

65 2115 253 2184 nunclando
275 2118 447 2197 nocuisse,
480 2134 587 2201 neque
616 2115 744 2180 uitandi
772 2117 910 2201 periculi
933 2115 1127 2181 aduersario

65 2241 348 2324 opportunitatem
378 2237 592 2323 praebuisse,
623 2241 792 2322 quonlam,
826 2257 922 2323 quam
952 2233 1128 2304 Caecirauc

66 2362 326 2426 controuersiam
352 2359 584 2441 denunciauii,
617 2377 658 2423 ea
688 2362 720 2422 ui
751 2361 858 2448 magis
880 2379 941 2424 sua
963 2377 1004 2425 ac
1028 2365 1129 2445 poie-

65 2486 150 2548 state
173 2499 271 2567 quum
294 2479 392 2544 huius
413 2482 626 2568 ignoratione
649 2480 857 2546 incommoda
880 2484 981 2546 esset.

123 2636 304 2707 Caeterum
334 2638 423 2724 quod
446 2645 550 2728 negat
581 2644 696 2704 orator
726 2657 879 2704 caussam
910 2639 1033 2724 fuisse,
1069 2657 1130 2705 eur

67 2759 103 2826 de
125 2760 193 2827 hoc
215 2762 355 2826 maxime
377 2760 481 2826 tundo
514 2778 577 2827 nec
599 2760 642 2824 de
669 2762 736 2825 alio
757 2756 930 2825 Aebutius
953 2755 1130 2825 Caecinae

67 2883 307 2968 denunciaret,
336 2884 398 2947 nisi
426 2882 515 2948 hunc
539 2878 695 2946 Coccina
724 2880 953 2966 possedisset3
986 2879 1130 2964 expedi-

66 3009 130 3070 tum
154 3003 268 3070 hercle
291 3003 353 3068 iult
375 3021 555 3088 reponere,
583 3005 659 3088 quia
683 3001 787 3068 iuius
810 3001 906 3065 fundi
928 3006 1131 3068 controuer-

65 3128 143 3191 siam
173 3126 239 3191 sibl
267 3125 412 3190 futuram
446 3143 524 3190 esse
557 3124 802 3207 intellexisset,
839 3123 964 3190 idcirco
995 3123 1037 3189 de
1066 3122 1131 3189 doc

67 3246 169 3312 tundo
191 3245 429 3313 denunciasse:
459 3245 608 3332 intettipi
630 3249 740 3310 autem
763 3263 781 3310 e
803 3246 915 3310 multia
935 3247 1010 3310 allis
1032 3245 1133 3311 rebus

66 3369 261 3454 indiciisque
288 3368 369 3433 illud
403 3369 552 3453 potuisse
581 3387 677 3452 quam
701 3384 745 3434 ex
767 3385 828 3452 eo,
863 3366 951 3452 quod
976 3362 1132 3433 Uescino

66 3495 137 3556 tam
160 3490 383 3574 possedisset.

126 3659 170 3723 ln
190 3674 331 3739 summa,
364 3657 464 3741 satis,
508 3658 643 3742 opinor,
682 3659 891 3743 perspicuum
925 3660 992 3743 est,
1029 3659 1133 3746 longe

70 3782 178 3845 uerius
200 3780 351 3865 potuisse
372 3779 416 3844 ab
437 3780 494 3844 llla
517 3780 785 3844 derrurrctotione
803 3782 1032 3866 argumentum
1052 3780 1133 3865 peti,

71 3897 255 3967 Aebutium
288 3921 384 3986 quam
415 3897 607 3966 Uaccirram
644 3899 801 3975 fundum,
840 3899 881 3966 de
910 3920 975 3985 quo
1003 3904 1131 3990 agitur,

73 4022 271 4104 possedisse.
327 4022 414 4087 lliud
445 4033 555 4087 autern
587 4024 667 4086 utile
698 4025 761 4085 erit
792 4025 1014 4111 cognouisse,
1052 4022 1133 4087 nllrii

77 4142 139 4208 tere
163 4145 258 4210 nimis
281 4146 380 4208 inane
403 4144 627 4228 infirmumque
649 4161 742 4227 esse,
772 4145 849 4228 quin
873 4146 1004 4226 orator,
1036 4143 1133 4207 huius
