3112 5056
314 414 378 480 doc
459 393 556 499 Gap.
577 396 613 473 1.
643 395 707 473 De
721 398 808 473 iure
823 418 988 472 euersae
1006 392 1228 475 Tullianae.

201 610 226 636 ..
262 595 267 605 ·
313 595 420 665 usque
445 578 539 645 uices
567 575 715 659 Quinctii
742 540 865 667 ogere,
892 577 944 643 cui
973 593 1096 642 uereor
1117 594 1162 641 ne
1185 578 1251 641 inm
1273 576 1305 640 in
1325 594 1373 661 re,

203 768 207 773 ,
313 702 362 765 uti
388 702 489 788 gesta
518 702 626 782 ossei,
657 697 827 765 narranda
849 699 951 764 muito
974 699 1074 764 etiam
1096 699 1208 764 minus
1230 716 1325 783 quam
1344 699 1375 762 in

314 819 514 907 exponenda
535 822 616 887 iuris
637 820 768 886 ratione
789 819 1062 887 satisfecerimus.
1097 820 1176 887 Hoc
1199 839 1300 885 unum
1317 838 1376 885 an·

313 944 371 1009 tea
399 942 625 1028 suscepimus,
655 944 693 1007 ut
720 942 887 1031 uestigiis
903 942 1177 1028 argumentisque
1201 939 1378 1031 diligenter

273 1110 276 1117 -
314 1063 510 1149 conquisitis
531 1060 798 1146 ostenderemus,
812 1059 1004 1143 Quinctium
1018 1064 1053 1127 in
1069 1079 1193 1128 caussa
1207 1061 1305 1127 Fabii
1320 1060 1378 1125 de-

307 1182 483 1251 fendenda
501 1202 568 1248 non
588 1201 696 1249 meras
715 1185 827 1249 tamen
840 1201 952 1273 nugas
967 1184 1089 1270 egisse.
1101 1180 1213 1265 Quod
1228 1185 1267 1248 ut
1282 1200 1379 1267 prae-

313 1309 496 1389 staremus,
527 1323 625 1392 quum
652 1305 761 1371 iustae
787 1303 994 1371 detensionis
1015 1304 1194 1394 imaginem
1218 1302 1379 1389 quandam

193 1421 197 1427 ’
314 1418 410 1509 (siue
438 1426 584 1491 umbram
607 1415 756 1506 dixeris)
783 1427 1041 1510 repraesentare
1062 1423 1272 1508 studuimus,
1305 1423 1380 1490 iilud

314 1564 446 1633 quoque
462 1547 564 1611 menti
585 1546 845 1631 obuereairatur,
867 1544 956 1633 quod
970 1547 1084 1612 statim
1098 1564 1121 1611 a
1135 1547 1306 1633 principio
1321 1544 1381 1609 hu-

265 1676 268 1683 ·
314 1669 367 1733 ius
387 1664 563 1754 noein⁶¹),
582 1670 752 1754 copiarum
773 1666 1059 1752 subsidiorumquc
1079 1670 1254 1752 penuriam
1278 1685 1382 1734 excu-

216 1856 221 1865 ,
296 1791 450 1873 ¹santes,
481 1787 650 1856 iudicandi
683 1809 802 1856 munus
834 1786 1026 1856 uerecunde
1058 1787 1235 1875 deprecati
1263 1808 1382 1855 sumus

314 1882 404 1992 uuio
425 1911 529 1999 igitur
551 1902 635 1976 esti
678 1907 741 1978 coi
761 1911 881 2001 religio
904 1914 958 1977 est
970 1908 1140 1993 iudicare,
1162 1913 1194 1975 ei
1210 1908 1382 1976 dubitandi

314 2036 408 2099 certe
422 2033 522 2098 uenia
536 2030 695 2116 debetur,
714 2036 750 2097 et
763 2033 792 2098 si
808 2033 882 2115 quis
895 2050 1053 2098 summum
1069 2028 1381 2129 intadministraodr

315 2154 442 2221 iustitia
454 2152 605 2242 gradum,
627 2155 682 2240 qui
697 2152 815 2220 iudicis
829 2156 893 2241 est,
912 2153 1064 2219 obtinere
1079 2171 1146 2218 non
1167 2155 1298 2238 potest,
1320 2171 1380 2217 non

315 2274 485 2340 uetairitur
503 2274 616 2367 hercle
634 2276 670 2340 in
688 2276 837 2343 interiori
858 2275 1055 2359 consistere,
1070 2276 1184 2360 atque,
1206 2278 1246 2339 ut
1267 2277 1381 2341 contra

317 2413 413 2481 quem
424 2395 543 2463 cicero
559 2396 693 2481 dixerit,
705 2397 735 2463 is
753 2415 795 2462 oe
810 2395 979 2462 inauditus
992 2394 1245 2478 condemnetur,
1257 2412 1382 2463 curare.

379 2516 558 2604 Reliquum
579 2521 648 2602 est,
670 2521 708 2584 ut
729 2518 857 2602 iatear,
877 2516 967 2584 iraud
988 2519 1096 2603 magis
1115 2535 1167 2582 me
1182 2517 1292 2601 scire,
1312 2519 1383 2581 uter

317 2624 453 2723 uicerit,
482 2637 611 2704 'l'uilius
632 2658 675 2704 an
697 2640 840 2724 Fabius,
869 2658 966 2724 quam
988 2642 1095 2703 uirum
1118 2640 1259 2704 uincere
1282 2656 1381 2722 opor-

316 2761 429 2826 tuerit.
471 2757 570 2841 Quod
600 2762 628 2826 si
658 2762 732 2847 quis
763 2761 967 2848 probabilius
988 2761 1135 2826 fortasse
1157 2763 1379 2844 reputarent,

317 2880 496 2947 secundum
519 2881 691 2948 Ciceronis
711 2883 865 2949 clientem
881 2882 1058 2947 iudicatum
1074 2898 1168 2963 esse,
1191 2880 1381 2961 concedam,

316 3005 514 3090 argumenta
536 3002 695 3087 quaedam
720 3005 858 3068 inueniri
883 3023 999 3089 posse,
1028 3020 1155 3091 genere
1179 3000 1314 3088 quiden
1336 3004 1380 3065 si-

316 3125 404 3188 miiia
425 3128 526 3208 atque
549 3127 582 3186 in
605 3123 643 3188 P.
665 3122 812 3204 Quinctii
834 3129 867 3189 et
885 3125 928 3189 Α.
942 3123 1108 3191 Caecinae
1131 3127 1267 3189 caussis
1282 3141 1381 3201 supe-

316 3248 386 3309 rius
398 3243 628 3309 demonstrata
642 3251 720 3309 sunt
730 3240 784 3328 ⁶²),
798 3249 834 3311 at
850 3249 1032 3310 numerosi
1049 3244 1200 3329 pondere
1211 3246 1381 3331 aliquanto

316 3368 414 3430 ctiam
438 3364 616 3430 infirmiora
638 3384 677 3432 ac
700 3364 846 3453 rariora,
869 3366 1010 3451 denique
1027 3373 1091 3431 iarn
1108 3367 1213 3456 longe
1229 3366 1381 3450 repetita,

314 3489 351 3550 ut
372 3488 430 3549 uix
445 3504 569 3569 operae
593 3490 732 3570 pretium
748 3489 803 3568 sii,
827 3489 859 3551 in
876 3484 1096 3553 examinanda
1112 3487 1169 3551 iiia
1185 3488 1381 3553 coniectura

315 3607 439 3671 diutius
461 3610 655 3672 commorari
664 3603 716 3679 ⁶³).

350 3770 395 3832 di)
409 3772 436 3821 ir.
451 3784 511 3832 suo.
527 3772 623 3834 moia.
874 3780 985 3826 uentum
1004 3777 1053 3834 sii,
1073 3774 1155 3824 ueriis
1169 3773 1203 3824 dc
1222 3777 1326 3826 auseis
1338 3772 1380 3823 ad·

350 3858 397 3911 di)
419 3858 494 3910 Comi.
516 3873 577 3922 suo.
600 3861 658 3910 Lib.
673 3861 694 3912 1.
715 3876 740 3923 p.
755 3863 815 3913 168.
875 3865 1005 3913 ιιιοιιΙιιιιιι
1025 3869 1113 3913 umen
1134 3861 1265 3913 ieciorcm
1287 3863 1379 3914 uciim.

317 3946 375 3995 Lib.
390 3946 425 3996 ii.
441 3960 467 4009 p.
478 3946 540 3999 iao.
875 3954 909 4001 iia
924 3964 1013 4001 carum
1027 3950 1135 4007 tuiirrc,
1155 3956 1187 4000 ut
1206 3953 1296 4012 priore
1309 3953 1379 4014 quio·

349 4032 394 4089 6³)
412 4034 467 4083 iem
486 4049 567 4098 quum
586 4037 619 4087 ed
638 4036 717 4089 tinem
741 4041 816 4100 primi
875 4052 928 4101 que
957 4040 1036 4089 huius
1064 4038 1144 4088 libaiii
1174 4038 1237 4089 ioiia
1256 4041 1379 4090 serenato

316 4121 395 4171 huius
417 4125 525 4184 capitis,
552 4125 624 4188 quod
651 4132 690 4177 eri
708 4128 741 4177 de
761 4130 819 4177 iure
875 4134 1034 4191 antequem
1055 4127 1158 4191 reliqua
1175 4130 1243 4193 typis
1262 4127 1379 4179 abedoc·

315 4221 424 4262 caussae
440 4210 577 4263 'iuiiirnse
597 4216 739 4275 scrinium,
760 4225 820 4275 car·
876 4222 979 4268 rentur.
