3114 5046
300 399 364 462 670
492 377 586 479 Cup.
607 377 674 452 11..
707 375 766 452 De
791 380 982 453 uarietate
1006 380 1181 455 iectionis

169 554 260 653 mr,
300 579 385 646 quoe
414 561 475 625 mei
504 562 610 626 testes
640 558 772 644 dicunt,
804 558 932 623 fatetur
958 558 1177 626 aduersarius
1205 578 1266 626 eos
1287 579 1360 626 uere

299 681 431 767 ‹licere3
450 698 540 767 *quoe
560 682 621 746 mei
644 683 752 745 testes
773 698 840 744 non
863 679 994 764 dicunt,
1018 683 1181 766 quianon
1202 682 1362 767 uiderunt,

299 822 362 871 occ
384 805 512 887 sciunt,
534 820 574 867 eu
596 801 675 868 dicit
699 803 771 885 ipse
793 799 1017 867 aduersarius.
1049 803 1166 868 Nostri
1188 803 1361 887 testeedt-

299 927 395 1008 cunt,
414 925 546 990 occisos
562 922 723 1006 homiues,
745 940 896 988 cruorem
915 925 948 986 in
966 924 1052 990 locis
1068 920 1282 1009 pluribus⁹⁹),
1303 924 1361 992 de-

300 1049 419 1112 iectum
443 1044 624 1118 aediticium
646 1047 685 1109 se
706 1043 850 1127 uidisse;
872 1044 987 1110 dicuni
1010 1045 1089 1110 nibil
1105 1049 1258 1131 rupitne
1281 1045 1361 1128 onio

299 1158 452 1233 Fabius?
482 1167 609 1232 Horum
632 1166 712 1232 nihil
735 1170 849 1255 negot
881 1163 969 1248 Quid
991 1185 1074 1256 ergo
1090 1165 1184 1232 audit
1200 1160 1362 1254 emptius?

299 1285 401 1353 Suom
425 1288 581 1353 inmitium
602 1288 725 1354 iecisse
747 1287 837 1353 dicit.
877 1281 1080 1369 Quomodo?
1113 1287 1157 1354 Ui
1180 1289 1364 1356 hominibus

298 1412 444 1475 ermetis.
488 1406 562 1503 Quo
597 1401 738 1472 animo?
781 1405 829 1474 Ut
858 1408 891 1472 id
921 1409 1016 1487 tieret
1044 1408 1132 1494 quod
1155 1410 1362 1477 factumest

300 1527 388 1612 Quid
409 1533 463 1595 est
484 1522 551 1595 idi
585 1526 634 1595 Ut
654 1529 806 1596 homines
826 1529 876 1595 M.
898 1530 984 1596 Tulli
1009 1529 1256 1598 occiderentur.

361 1649 412 1714 25.
439 1649 539 1732 Quod
568 1669 652 1742 ergo
682 1671 723 1717 eo
754 1653 862 1717 animo
890 1652 1014 1720 iactum
1047 1657 1117 1733 eutr
1150 1657 1190 1716 ut
1220 1653 1365 1720 homines

299 1791 397 1837 unum
421 1776 453 1837 in
475 1773 583 1839 locum
607 1775 842 1857 conuenirent,
864 1778 901 1838 ut
916 1791 1006 1838 ormo
1021 1777 1199 1858 cuperent,
1223 1778 1260 1841 ui
1276 1781 1364 1841 certo

299 1895 440 1960 consitio
455 1887 595 1961 ¹'certurio
624 1896 787 1961 inlocum
811 1894 1121 1980 proficiscerentur,
1153 1902 1191 1961 ut
1216 1896 1364 1963 idoneum

298 2018 430 2101 tempus
453 2016 635 2104 eligerent,
662 2020 699 2081 ui
722 2015 856 2083 caedem
878 2016 1050 2100 iacerent,
1078 2015 1114 2081 id
1136 2019 1165 2082 si
1188 2019 1362 2083 uoluerunt

298 2139 333 2201 ct
354 2139 549 2226 cogitarunt
572 2141 607 2204 et
628 2139 864 2223 perfecerunt:
887 2140 1032 2222 potestis
1054 2156 1125 2204 eum
1150 2140 1363 2224 uoluntatem,

297 2256 331 2322 id
353 2259 542 2343 consitium,
565 2259 597 2323 id
620 2258 743 2325 fectum
765 2277 787 2324 o
809 2257 886 2324 dolo
907 2261 992 2324 melo
1011 2257 1228 2349 seiungere?

360 2376 411 2443 26.
434 2378 484 2443 At
494 2375 548 2452 ¹⁰⁰)
570 2381 657 2446 istuc
679 2383 783 2444 totum
806 2400 892 2446 uoco
915 2399 1009 2446 uiuo
1032 2379 1167 2446 additur
1182 2383 1217 2445 in
1234 2381 1298 2449 hoc
1312 2384 1360 2449 iu-

298 2497 385 2567 dicio
417 2500 489 2565 etus
516 2518 637 2582 causo,
666 2502 720 2592 qui
742 2503 832 2591 ogit,
860 2521 928 2567 non
951 2503 1057 2589 iiiios,
1089 2504 1223 2587 quicum
1245 2507 1361 2593 egitur.

297 2619 338 2685 ld
361 2624 398 2685 ut
419 2622 634 2710 intelligetis,
656 2623 939 2708 Reciperatores,
962 2642 1103 2709 quaeso,
1126 2629 1163 2688 ut
1186 2623 1362 2714 diligenter

297 2741 491 2808 attendatis.
526 2742 705 2830 Proiecto,
732 2749 810 2832 quin
832 2747 879 2811 ito
900 2749 963 2832 sit,
985 2766 1052 2809 non
1076 2744 1281 2812 dubitabitis.

361 2863 412 2928 27.
441 2861 479 2931 Si
509 2867 556 2930 ito
590 2865 743 2932 iudicium
776 2866 930 2953 daretur,
962 2875 998 2932 ut
1032 2867 1063 2931 id
1091 2868 1358 2948 concluderetur,

299 2983 388 3070 quod
422 3003 442 3049 o
471 2985 596 3050 inmitia
623 2987 746 3054 fuctum
777 2992 888 3075 esset3
919 2991 946 3053 si
978 3008 1062 3074 quoe
1089 2990 1215 3055 familia
1238 2992 1311 3076 ipsa
1330 2992 1358 3053 in

299 3105 403 3173 coede
425 3109 590 3173 interesse
612 3110 773 3175 noluisset
796 3115 829 3177 et
851 3110 1000 3176 homines
1019 3114 1077 3176 out
1098 3131 1220 3176 seruos
1243 3115 1300 3177 out
1320 3114 1358 3176 ii-

297 3229 399 3295 beros
420 3230 590 3313 coegisset
612 3232 670 3294 out
692 3231 926 3317 conduxisset3
949 3237 1052 3297 totum
1075 3231 1139 3299 hoc
1160 3233 1315 3300 iudicium
1328 3238 1357 3298 et

297 3349 470 3415 Praetoris
503 3353 668 3416 seueritas
702 3351 951 3420 dissolueretur.
1000 3353 1103 3419 Nemo
1135 3358 1222 3419 enim
1253 3359 1357 3440 potest

297 3469 381 3536 hoec
393 3466 449 3542 ¹⁰¹)
473 3469 637 3558 iudicare,
660 3492 723 3557 quo
746 3476 779 3538 in
801 3494 838 3540 re
855 3475 979 3540 familia
995 3494 1062 3539 nou
1078 3476 1308 3561 interfuisset,
1328 3477 1357 3538 io

294 3687 366 3737 mot.
378 3681 472 3730 uittam
482 3681 708 3734 disturbatum·
720 3684 797 3736 Coui.
890 3683 951 3749 tot)
965 3685 1011 3737 Sic
1022 3688 1147 3741 distincte
1168 3692 1195 3739 tn
1210 3691 1307 3742 Codice
1324 3688 1355 3737 to·

295 3782 363 3831 quoe
374 3771 407 3818 ud
422 3770 516 3820 iutde
527 3775 651 3821 uniuerso
662 3773 796 3825 trcuuuud
854 3778 933 3839 gitur.
952 3776 1041 3826 Betort
1053 3782 1208 3830 coniectore
1222 3785 1276 3830 ort:
1292 3783 1355 3840 post·

293 3861 452 3908 coutentium
471 3860 599 3921 cupiendo
622 3864 726 3926 egregie
745 3863 797 3912 dic·
853 3864 917 3914 hooc
930 3865 1077 3926 iudicaret,
1098 3878 1169 3917 uou=
1192 3871 1353 3929 potentoru-

293 3948 367 3996 uorit.
731 3975 734 3982 ⁴
854 3953 919 4003 hoec
944 3954 1073 4005 iudicare.
1109 3956 1164 4007 Sed
1190 3957 1352 4007 nihilominus

328 4030 371 4095 99)
385 4031 463 4083 uoce
475 4030 610 4086 ruurriru.
623 4062 657 4075 -
854 4053 914 4091 eum
934 4041 1068 4092 Huscokto
1087 4045 1153 4094 mihi
1173 4047 1283 4097 uidetur
1301 4045 1352 4094 reti·

327 4118 387 4180 too)
401 4120 478 4172 Cotto
493 4136 540 4172 uu.
550 4124 665 4176 -Cout
677 4125 796 4188 Quincti·
855 4131 947 4182 ciendo
959 4144 1026 4182 ense.

293 4208 515 4262 liucinii-orci.
525 4212 551 4268 1,
566 4213 601 4272 7,
618 4215 641 4261 ⁵.
