3114 5046
290 331 451 420 ιΜ»
504 326 1067 432 cmcmcpmcdcricmno.
1171 332 1238 398 ³⁴⁵

171 532 265 615 deo,
304 530 493 619 deferam
524 532 588 599 icoc
622 539 817 623 oratorem,
860 530 1079 601 Caesenniam
1119 540 1235 623 ipsum
1254 579 1390 618 mem-.-

170 654 323 741 fuurtum
337 656 373 722 -si
398 673 468 720 nou
498 674 545 720 eu
575 660 707 743 empto,
736 659 772 721 st
803 660 949 743 propter
977 653 1235 740 usumfructum
1267 635 1390 734 *afar*

172 781 286 844 umen
298 777 516 864 possedisse,
539 794 647 863 neque
669 776 711 841 de
732 777 799 842 aiis
820 795 858 842 re
878 777 947 842 niis
966 776 1056 842 iilum
1070 777 1235 866 cogitoso.

236 936 315 1005 Hoc
343 955 439 1022 quum
469 938 513 1002 sit
544 938 770 1022 perspicuum,
804 937 954 1023 sequitur
983 939 1020 1000 ut
1048 934 1237 1018 uideamus,

173 1076 298 1124 reuera
322 1051 519 1123 Caesercutn
544 1062 682 1142 propter
703 1057 940 1123 usumfructum
960 1056 1133 1142 possidere
1156 1055 1237 1123 inn-
1296 1061 1297 1064 ’

176 1178 251 1244 dum
275 1179 423 1264 potnerit
444 1195 561 1245 necne.

237 1299 294 1366 Aa
324 1301 453 1385 potuit,
481 1302 618 1388 opinor,
649 1305 830 1386 propterea
859 1299 947 1387 qood
976 1301 1136 1367 communi
1166 1301 1238 1366 iure

175 1422 397 1488 omnioribus
426 1423 552 1488 trudito
581 1422 766 1488 obtinuisse
798 1421 862 1488 bae
883 1423 997 1488 aetate
1018 1421 1168 1507 uidetur,
1200 1425 1239 1487 ut

175 1544 296 1631 posuis
315 1545 426 1629 requi
439 1549 600 1609 uteretur
612 1540 807 1632 frueretur,
829 1544 859 1608 is
878 1543 1056 1630 possidere
1075 1561 1147 1609 eam
1167 1562 1237 1611 rem

176 1668 434 1754 existimaretur.

238 1787 391 1873 iitenim,
427 1789 465 1852 nt
495 1793 693 1875 argumenta
723 1804 796 1852 mea
827 1789 991 1874 operiam,
1027 1789 1143 1852 orator
1170 1807 1238 1853 non

175 1912 281 1976 solum
314 1914 389 1998 ipse
416 1908 516 1995 dicit,
547 1904 781 1975 Caesenniam
809 1907 945 1973 fundum
967 1911 1015 1975 ita
1036 1908 1239 1994 possedisse,

176 2051 290 2098 nerum
313 2031 411 2097 etis·
436 2033 553 2097 iterum
576 2029 737 2116 affirmat,
762 2028 988 2097 aduersarium
1011 2034 1076 2096 tam
1098 2051 1238 2119 posses-

176 2159 310 2220 stouem
351 2147 570 2219 caesennae
613 2170 708 2237 quam
748 2152 853 2236 ipsam
887 2152 976 2218 iliam
1010 2158 1239 2241 possessionis

177 2293 356 2358 caussam,
391 2291 477 2360 qnae
506 2274 539 2339 in
569 2272 745 2339 usufructu
772 2274 891 2356 inerit,
926 2276 1015 2341 uitro
1041 2294 1240 2364 agnoscere.

178 2393 328 2478 Quodsi
355 2399 414 2461 out
444 2397 492 2461 rei
520 2397 641 2485 gestae
667 2399 725 2461 unt
752 2395 833 2460 ioris
858 2396 989 2461 ratione
1012 2397 1130 2463 fulsum
1152 2398 1239 2464 iuis-

178 2521 250 2602 sct,
282 2518 343 2582 uix
365 2516 526 2584 credibile
548 2520 619 2601 est,
653 2512 856 2582 Ciceronem
877 2515 941 2584 boc
963 2519 1009 2583 ita
1033 2519 1237 2603 prolaturum

180 2629 331 2716 tuisse‘).

239 2759 373 2826 Deinde
401 2759 489 2845 quod
511 2762 545 2825 in
567 2778 596 2827 e.
617 2758 688 2845 iu,
723 2759 818 2825 modo
847 2766 948 2826 antea
974 2756 1137 2842 olinto⁶),
1160 2765 1239 2826 ten-

181 2885 230 2947 tet
256 2879 394 2947 dicitius
416 2881 559 2965 dooere,
588 2884 635 2948 ita
657 2881 793 2947 fundum
823 2881 1015 2966 possedisse
1039 2877 1240 2971 caestuum,

180 3004 214 3067 nt
236 3020 302 3088 per
331 3002 470 3069 eundem
497 3004 649 3071 colonum
681 3005 784 3069 ueiuti
812 3005 1059 3070 continuauerit
1082 2998 1240 3070 Caesen-

181 3129 263 3191 uiue
286 3126 549 3222 possessionem,
570 3127 666 3190 nimis
686 3125 800 3191 herote
822 3126 987 3208 ieiunum,
1023 3124 1240 3209 improbabile

181 3264 219 3313 ac
240 3246 480 3312 calumniosum
508 3249 560 3312 est
589 3251 837 3334 argumentum,
868 3247 1046 3333 siponeis,
1083 3240 1241 3313 Caesena-

181 3373 261 3433 otoe
300 3369 545 3452 possessionem
581 3370 740 3453 peculiosi
778 3368 918 3454 quodam
955 3386 1100 3458 genere,
1135 3387 1242 3436 usus·

179 3487 318 3574 fnutrcs
336 3494 492 3556 mooeime
512 3493 654 3577 proprio
677 3498 709 3555 et
736 3491 938 3557 alienissimo
962 3487 1137 3557 Caecirme
1160 3510 1242 3576 per-

182 3629 284 3695 sona,
305 3610 430 3698 fuisse3
457 3593 852 3697 deniqne'Coeseuuiom
873 3632 940 3677 non
953 3610 1104 3697 sicrestum
1120 3631 1241 3697 posse-

185 3732 295 3818 disse,
316 3732 377 3798 sed
399 3732 638 3820 cuiuscuctns,
663 3733 694 3798 b.
710 3751 739 3799 e.
761 3737 848 3798 imis
870 3738 970 3822 puosi
990 3739 1242 3820 possessiouem

186 3854 348 3922 babuisse.
392 3851 519 3922 Contra
540 3858 567 3918 si
596 3875 709 3921 uerum
740 3860 809 3938 est,
846 3851 1062 3922 Caesenniam
1093 3854 1243 3940 ficatctum

217 4087 243 4152 5)
263 4090 302 4141 iic
319 4090 472 4140 discrimino
490 4102 521 4139 oc
540 4089 619 4140 modo
637 4088 684 4142 iai-
740 4091 774 4139 do
786 4088 848 4139 uide
862 4101 930 4151 quac
943 4091 1034 4140 monui
1047 4101 1127 4152 supra
1140 4103 1166 4153 p.
1180 4091 1240 4140 105.

192 4176 305 4232 boiorum
326 4180 360 4231 ub
379 4179 527 4230 oratoribus
541 4179 684 4230 obsoruao-
775 4177 802 4242 d)
822 4191 848 4240 p.
868 4175 930 4228 iou.
952 4186 1007 4230 not.
1027 4179 1053 4228 1.
