3114 5046
51 324 85 402 s.
102 316 141 388 7.
167 312 229 388 Δ’.
248 311 313 400 0·.
332 314 521 389 absentem
538 325 640 389 reete
656 314 868 415 defenderit
883 338 1011 390 nemu.
1051 316 1112 378 129

52 499 357 587 Faoeioiatum⁴²i,
379 503 572 589 indulsisse,
589 523 677 571 nune
692 503 881 587 uideamus,
903 524 968 591 qua
981 506 1112 571 ratione

53 625 116 691 dux
144 627 276 691 illorum
305 627 464 712 omnium,
495 624 718 693 Hotomanus
747 628 974 693 coniecturam
1003 646 1113 708 auam,

55 752 114 813 iam
135 748 260 813 illustri
282 747 449 833 applausu
470 745 662 836 florentem,
684 747 941 815 confirmauerit.

109 896 272 963 Nimirum
292 896 336 963 ad
358 897 464 963 uerba
483 898 538 963 ito
558 897 724 964 uidebare
745 900 796 964 sio
816 897 1007 964 adnotouit:

113 1033 375 1121 -diautfestum
394 1037 567 1103 midam·
592 1031 845 1124 comportatum
867 1041 1031 1124 putarem
1056 1056 1115 1103 ro-

113 1177 297 1243 era-aar,
328 1162 370 1224 ut
391 1162 501 1224 ettam
520 1159 711 1225 adiuuetur
731 1163 948 1248 eoioieeturo,
980 1161 1024 1226 de
1045 1179 1114 1250 qua

115 1280 297 1346 uiximus
318 1298 443 1368 supra,
464 1277 644 1346 Naeuium
664 1280 875 1370 postulasse,
901 1285 943 1363 ut
962 1277 1113 1366 Atfmtas

115 1431 127 1459 ι
136 1406 350 1488 promarotor
370 1402 582 1491 satisdaret,
604 1420 675 1468 osori
695 1421 775 1491 suo,
798 1403 861 1468 sed
875 1399 1032 1484 Quinctii
1046 1421 1113 1468 no-

116 1525 254 1589 1miue:
292 1528 328 1588 et
350 1522 391 1588 od
412 1542 492 1589 eam
513 1541 676 1589 caussam
705 1527 757 1589 sio
785 1524 946 1614 loquutus
972 1527 1038 1614 sit,
1073 1530 1114 1590 ut

116 1645 291 1734 dionei,
312 1648 446 1710 iussum
467 1641 671 1726 Quinotium
692 1645 870 1711 satisdare
876 1664 888 1730 ς
909 1664 981 1711 raon
995 1651 1115 1711 autem

116 1769 180 1832 «iar
200 1767 311 1831 tertia
331 1784 485 1852 persono
504 1759 704 1851 Alfenum·

112 1914 205 1981 Eece
227 1915 332 2004 igitur
352 1914 412 1980 tibi
434 1916 552 1979 iterum
575 1915 719 1981 oblatam
738 1915 826 1980 iilam
841 1915 1021 1981 Hotomani
1037 1919 1114 2001 opi-

63 2037 181 2102 nionem
205 2035 248 2102 de
268 2034 489 2102 satisdatione
511 2055 573 2118 pro
596 2033 753 2118 Quinctio
776 2036 995 2124 praestanda,
1018 2056 1114 2123 quam

1145 512 1213 553 laeua
1227 514 1248 554 im
1261 528 1277 552 e.

1131 568 1280 623 &dandina-

1130 635 1177 668 Μ.

61 2160 120 2223 dne
141 2159 213 2222 ulla
234 2155 443 2223 dubitatione
464 2176 507 2226 ae
533 2159 733 2241 fortissima,
763 2163 862 2248 puto,
894 2162 1026 2225 ratione
1053 2179 1115 2224 su·
1249 2162 1252 2167 '

59 2296 109 2362 pra
130 2281 308 2345 reieeimua
317 2272 367 2357 ⁴³).

107 2424 182 2496 Sed
206 2429 359 2496 sinceros
379 2446 456 2493 esse
479 2426 586 2495 decet.
635 2425 723 2510 Quin
750 2429 854 2518 igitur
875 2431 964 2495 uitro
986 2414 1114 2497 fatebi-

55 2569 133 2638 nur,
157 2567 364 2639 magnopere
386 2549 476 2614 illam
496 2546 691 2615 Hotomaut
711 2552 936 2616 coniecturam
952 2551 1115 2616 iubetare

55 2675 310 2737 consentaneam
339 2688 415 2736 esse
446 2673 544 2735 eiiam
573 2670 671 2735 alieri
705 2672 753 2735 iiii
788 2673 977 2736 sententiae
1006 2670 1115 2738 Raetii

55 2799 325 2877 caeterorumque
360 2792 643 2875 existimantium,
678 2812 842 2859 caussam
876 2793 1018 2879 saltem,
1055 2811 1115 2860 eur

58 2912 417 2991 incommodaret,
450 2931 468 2976 e
492 2911 648 2994 Quinctii
668 2933 818 2998 persona
840 2917 978 3000 petitam
1000 2914 1115 2979 fuisse.

60 3031 122 3114 dua
144 3037 180 3099 in
202 3032 440 3123 redarguenda
461 3036 508 3099 ita
528 3033 639 3100 adhue
661 3037 918 3120 elaborauimua,
949 3041 984 3100 ut
1007 3054 1115 3123 neque

62 3157 195 3242 ineptam
219 3174 283 3222 neo
304 3157 369 3220 nisi
390 3154 455 3221 hoe
477 3156 569 3241 loeo,
594 3157 628 3220 in
651 3177 716 3243 quo
739 3177 927 3242 uereamur,
954 3160 1114 3223 attentis-

64 3279 129 3344 sime
151 3280 345 3344 examinato
368 3278 502 3362 penitus
523 3277 761 3362 repudiandam
787 3297 863 3344 esse
891 3281 1116 3344 statuerimus.

90 3547 131 3602 tt)
149 3547 200 3598 iiie
227 3547 258 3598 V.
284 3547 316 3599 Ι).
341 3549 478 3612 propriam
504 3548 556 3606 aiiii
612 3549 774 3597 sentientem
788 3549 958 3607 iuueuimus;
973 3563 1057 3613 quare
1066 3552 1115 3600 mi-

70 3631 155 3686 eiiuxii
166 3639 370 3687 coniecturam:
384 3639 425 3686 ito
437 3637 554 3691 uidebat,
612 3649 658 3686 ror
682 3648 745 3685 eum
769 3635 804 3685 ad
827 3635 899 3686 huno
923 3636 1014 3687 iocum
1032 3638 1115 3691 aduo-

72 3733 135 3774 nmu
160 3725 294 3790 vulgatae
322 3739 432 3789 parem,
465 3727 556 3776 uerbis
612 3725 728 3783 tauiaao,
748 3736 777 3772 se
791 3724 1114 3789 uaiuiaiiigeraquidem

73 3808 233 3874 deteriorem,
253 3814 394 3865 Garatonii
412 3817 557 3866 ratiooiua·
612 3812 758 3862 lectionem
776 3812 920 3862 tetriore.-
951 3827 1033 3878 quam
1055 3830 1115 3867 cae-

73 3899 131 3949 iioue
147 3900 267 3953 tunditur
286 3917 428 3966 euersam,
454 3904 557 3954 iamdu·
613 3901 739 3964 toroquin
752 3899 896 3951 manifesto
909 3915 1001 3952 erroro
1016 3903 1115 3954 Oreitio

76 3982 124 4036 dum
140 3991 220 4053 uulgo
238 3991 386 4054 explosam.
614 3989 727 4053 perinde
745 3989 882 4049 attribuit,
911 3993 988 4054 quasi
1012 3993 1115 4054 primus

102 4074 140 4139 to)
159 4079 223 4131 Vide
248 4093 332 4144 supra
355 4094 383 4144 p.
403 4080 480 4140 ssa,
511 4080 557 4130 ubi
614 4091 674 4128 aum
693 4078 722 4126 iu
741 4082 841 4127 terium
858 4079 903 4128 hio
921 4080 1065 4131 iuiuiisaai.

78 4163 142 4213 eiiam
162 4165 293 4218 Klotzium
316 4182 380 4218 oum
404 4169 557 4219 Hotomauo

109 4272 220 4322 inmuta,
240 4276 286 4317 Lib.
303 4277 318 4318 i
842 4275 862 4335 9
