3114 5046
62 375 101 456 ς.
120 361 160 438 4
187 359 417 440 Deuotionis
425 364 792 463 turcetformoto.—
803 364 1043 468 Proprerrt’o·
1065 385 1128 451 597

124 548 406 641 Superuenerunt
446 551 568 622 deinde
609 555 863 640 Imperatorum·
885 553 1129 624 dominationes
1174 573 1296 642 ropion-

59 692 137 745 cum
171 676 275 742 milite
309 678 475 762 perpetuo
513 678 725 763 caeterisque
757 676 864 743 irenis
895 679 1128 764 opulentorum
1146 637 1238 673 ..m

60 796 230 867 hominum
250 798 409 866 licentiae
430 792 604 875 iniectisil.
617 873 621 879 ¹
635 797 719 864 'lum
738 798 832 865 breul
848 802 1000 883 tempore
1016 799 1130 884 sopite

60 922 163 988 erent
183 920 242 986 illa
263 920 360 1006 quasi
380 920 470 986 belle
492 920 769 1005 incursionesque
790 921 1007 1007 priuatorum,
1027 924 1130 1006 atque

59 1042 113 1108 lta
133 1042 353 1108 constitutum
381 1042 570 1129 imperium,
596 1044 635 1107 ut
662 1043 692 1107 ai
721 1040 800 1126 quid
829 1043 940 1107 tamen
967 1040 1129 1109 eiusmodi

59 1162 257 1247 moliretur,
284 1162 389 1250 longe
416 1162 483 1229 elio
505 1180 603 1250 quem
624 1161 819 1230 iudiciorum
840 1164 1046 1249 priuatorum
1067 1178 1130 1228 or-

57 1281 140 1351 dine
159 1284 409 1369 reprimeretur.
449 1283 502 1352 Ne
522 1285 641 1350 mulia:
671 1286 830 1353 cessante
856 1284 1062 1351 necessitate
1083 1282 1127 1351 de

57 1404 204 1492 prtrtino
225 1405 340 1494 rigore
363 1403 461 1472 huius
482 1406 595 1474 indicit
616 1405 706 1492 quod
731 1403 1030 1472 extraordinarium
1052 1405 1128 1492 luit,

57 1527 235 1595 raedarum
261 1529 332 1614 est3
363 1528 454 1595 elcut
481 1528 647 1613 superiori
673 1526 760 1593 libro
789 1521 994 1612 apperuit⁸),
1027 1526 1127 1592 etiem

55 1647 226 1738 geminum
246 1647 329 1713 illud
350 1647 520 1716 interdicti
542 1648 585 1717 de
607 1650 641 1713 ui
658 1647 850 1715 hominibus
865 1647 995 1715 coactis
1013 1665 1127 1715 ma·

55 1769 147 1836 dane
166 1769 220 1834 ius
242 1767 359 1835 iisdem
381 1769 454 1835 iere
476 1770 695 1856 temporibus,
718 1767 835 1833 iladem
862 1767 905 1834 de
926 1769 1070 1858 caneda,
1092 1772 1128 1835 et

56 1889 157 1958 rimiss
178 1873 278 1956 modo
299 1892 335 1955 in
363 1891 525 1956 mitiorem
553 1892 589 1956 et
617 1890 726 1980 megia
754 1905 957 1956 communem
978 1906 1126 1955 consue-

54 2012 192 2097 tamque
213 2011 377 2078 rationem
399 2009 589 2077 deflexisse.

121 2129 213 2216 Quid
234 2133 338 2223 igitur
359 2125 444 2199 esti
492 2131 582 2199 Illud
609 2134 750 2199 maxime
776 2131 952 2217 pristinum
974 2126 1025 2195 Μ.
1044 2128 1124 2197 lna-
1155 2149 1293 2191 mo

53 2253 141 2322 erui
172 2252 329 2323 iudicium
364 2254 511 2322 habebat
544 2253 822 2344 extraordinarii,
857 2252 947 2339 quod
982 2255 1124 2339 propter
1141 2206 1212 2306 ΞΕ*
1232 2219 1293 2248 ¹⁸*

53 2375 201 2443 iemiltee
221 2374 396 2462 delictum,
417 2376 508 2442 nullo
529 2395 591 2442 suo
608 2376 759 2442 iocinore
782 2375 1039 2464 interueniente,
1060 2373 1126 2441 do-

52 2497 165 2564 minus
187 2497 321 2583 poenali
343 2496 485 2588 iudicio,
513 2498 668 2565 detrecto
695 2516 808 2564 noxae
839 2496 1027 2580 deditione,
1059 2497 1124 2564 ob-

52 2618 296 2708 stringebatur.
332 2617 492 2705 Quodsi,
514 2622 717 2686 conseruata
738 2619 957 2704 caeteroquin
978 2619 1123 2703 actione,
1191 2653 1192 2656 π

52 2737 250 2808 rescindere
277 2742 379 2826 atque
407 2741 442 2807 in
470 2759 673 2809 communem
701 2742 923 2825 usitatumque
944 2739 1026 2805 iuris
1047 2739 1123 2805 ior-

52 2879 140 2929 mam
159 2859 317 2950 redigere
337 2863 475 2947 uellent,
494 2861 685 2949 expeditum
705 2862 860 2947 prolecto
880 2864 964 2950 eret,
986 2862 1021 2926 in
1038 2879 1123 2947 pro-

52 2983 165 3069 prium
189 2983 295 3069 ipsius
322 2982 445 3049 domini
475 3002 539 3051 nec
566 2982 691 3050 diutius
712 2985 746 3049 in
768 2980 1044 3051 ienuiaedoium
1067 2981 1123 3047 di-

52 3105 170 3195 rigere
190 3104 407 3191 principalem
428 3108 612 3194 actionem,
644 3108 711 3170 ium
734 3124 754 3171 e
775 3105 909 3194 uulgari
931 3103 1121 3188 poenalium

51 3226 223 3294 antonum
244 3226 399 3293 instituto
421 3227 565 3293 noxales
585 3227 729 3293 actionis
747 3224 872 3315 ligures
889 3227 957 3291 tem
976 3224 1121 3292 familiae

52 3347 381 3436 quamsinguiorum
401 3366 574 3414 seruorum
596 3349 728 3413 nomine
755 3346 950 3436 adiungere.

115 3467 236 3557 Neque
269 3489 358 3535 nouo
386 3468 547 3535 eiusmodi
577 3470 641 3534 iuri
673 3473 853 3554 tantopere
884 3473 986 3556 atque
1017 3473 1120 3536 antee

52 3590 179 3676 publici
201 3589 313 3657 iudicii
333 3591 421 3657 ratio
442 3589 756 3679 consideratioque,
778 3593 909 3678 qualem
929 3609 1033 3678 supra
1054 3590 1119 3658 de-

51 3708 364 3797 monstrauimusi),
384 3712 560 3802 obstabat3
588 3730 665 3779 nam
687 3712 752 3780 hoc
771 3714 880 3798 ipsum
902 3732 1000 3799 quum
1021 3713 1120 3778 nouis

51 3829 325 3925 legibus,1utttr
347 3836 544 3920 praesertim
565 3838 633 3902 tam
655 3828 696 3900 0.
719 3829 804 3901 luite
831 3827 999 3901 Uarrum
1020 3852 1118 3920 quam

84 4108 112 4176 Ξ)
132 4111 303 4164 memmei.
315 4113 428 4177 epea.
448 4114 556 4166 worci-
647 4110 674 4177 ³)
694 4110 724 4176 8.
737 4111 765 4162 3.
780 4110 879 4175 ΜΗ.

50 4205 123 4254 τινα
134 4200 152 4252 i.
166 4200 185 4252 i.
199 4213 230 4265 p.
240 4200 303 4254 air.
646 4198 673 4266 t)
692 4212 719 4263 p.
730 4199 792 4253 588.
806 4212 889 4265 seqq·
