3114 5046
262 337 300 415 s.
329 327 368 398 5.
421 322 653 400 Serosenooe
679 328 926 424 quaestiones.
1082 329 1123 392 99

54 535 192 582 numero
228 515 434 601 descriptam
462 517 496 578 in
529 515 606 603 lege
639 517 839 602 retinerent,
876 522 910 582 et
940 519 1123 583 taxationis
1143 522 1292 623 '51:¹⁰3qu

56 636 299 724 quodammodo
337 638 444 704 locum
478 636 662 701 obtinuisse
689 640 900 724 statuerent,
930 637 1019 704 unde
1047 640 1123 706 llci-
1143 638 1222 679 ‘¹⁰⁸²-

56 759 147 825 tandi
170 758 347 825 exordium
368 758 480 842 tieret,
502 776 610 843 neque
633 760 688 843 qui
710 760 816 823 minus
838 764 929 825 esset
949 760 1123 826 oblaturus

56 883 253 966 cuiusquam
273 899 393 946 nomen
415 881 632 965 reciperetur.

116 1002 198 1092 Ergo
220 1021 302 1067 uero
325 1003 471 1091 ingenue
491 1002 620 1079 fateor,
642 1001 718 1065 mihi
741 1001 862 1067 nullam
885 1002 1044 1068 eiusmodi
1068 1007 1124 1069 ta-

57 1126 205 1190 xationis
240 1142 350 1209 neque
385 1125 561 1189 utilitatem
597 1141 707 1208 neque
747 1126 909 1189 rationem
949 1144 1124 1211 spumare.

57 1243 144 1327 Quid
178 1237 294 1311 enim?
330 1243 488 1311 Vendltio
521 1246 715 1310 necessaria
748 1248 822 1311 erat
853 1265 894 1313 ac
927 1265 1124 1332 quocunque

58 1366 152 1432 uodo
175 1365 382 1456 peragenda.
423 1366 595 1432 Neminem
616 1369 746 1450 autem,
772 1371 809 1432 ut
831 1368 907 1452 plus
928 1387 1024 1453 quam
1047 1367 1124 1453 pla-

58 1495 149 1557 ceret
172 1489 327 1575 offerret,
357 1489 434 1577 cogi
457 1488 607 1572 potuisse
629 1489 663 1553 in
684 1491 800 1577 aprico
823 1492 885 1554 est
944 1491 1034 1574 Ipsis
1061 1487 1124 1554 de-

59 1613 156 1697 nique
178 1608 420 1695 creditoribus,
449 1627 621 1696 quousque
643 1608 832 1691 uideretur,
865 1610 993 1677 licitare
1015 1614 1051 1679 et
1072 1612 1124 1677 lua

60 1736 90 1797 et
121 1730 400 1800 consuetudinem
432 1732 539 1805 luisse
571 1734 716 1797 constat.
770 1728 940 1812 Quaenam
973 1730 1125 1817 tandem,

62 1872 203 1938 quaeso,
225 1870 349 1920 caussa
371 1850 517 1934 dicetur,
540 1854 618 1936 quin
640 1856 805 1919 consueto
826 1854 1015 1919 auctionum
1032 1872 1124 1919 more

60 1975 231 2059 liberaque
251 1974 436 2040 licitatione
457 1977 563 2039 totum
585 1976 755 2061 negotium
776 1976 983 2041 transactum
998 1966 1125 2040 fuerit?

117 2094 271 2180 Quodsi
294 2097 412 2185 negari
444 2113 511 2159 nou
541 2098 671 2180 potest,
706 2094 787 2160 nihil
816 2113 899 2160 sane
928 2097 1126 2180 relinquitur

61 2221 118 2285 nisi
149 2222 189 2283 ut
228 2220 262 2282 ln
288 2219 457 2283 sententia
486 2219 720 2303 persistamus,
753 2236 849 2302 quam
878 2236 981 2302 supra
1007 2219 1127 2302 posul-

61 2361 146 2424 mus,
184 2338 344 2405 uidelicet
371 2357 510 2403 uacuum
538 2338 602 2405 hoc
630 2358 696 2403 uno
721 2339 793 2403 iere
814 2338 890 2404 loco
912 2339 1020 2426 legem
1044 2358 1127 2423 pro·

61 2463 200 2553 uulgari
235 2460 368 2526 solitam
398 2478 483 2525 esse.
534 2459 651 2545 Neque
681 2462 709 2524 si
739 2459 819 2545 quid
844 2460 914 2525 ueri
936 2461 1024 2525 inest
1046 2459 1153 2539 illis,-

62 2602 143 2669 qoae
168 2601 214 2647 ex
237 2581 399 2647 communi
421 2583 561 2646 omnium
584 2585 666 2667 puto
688 2583 857 2647 sententia
882 2579 925 2645 de
952 2579 1127 2664 'l'heophill

62 2705 264 2772 auctoritate
286 2706 387 2768 antea
408 2705 594 2783 statuimus,
617 2703 720 2767 maior
741 2703 861 2789 religio
884 2703 958 2781 erit,
981 2719 1024 2763 ex
1039 2701 1128 2764 iusta

64 2845 183 2892 mussa
214 2843 312 2890 unam
341 2825 429 2912 legis
457 2842 522 2908 qua
543 2823 585 2888 de
607 2826 721 2912 agitur
742 2823 922 2889 clausulam
946 2839 1128 2906 euacuare,

67 2967 155 3031 qua·
179 2948 283 3012 antea
307 2945 387 3033 luit,
409 2947 537 3010 iniussu
559 2946 631 3010 elus
653 2953 807 3010 caeteras
829 2961 943 3008 omnes
958 2942 1126 3026 supplere.

122 3107 303 3191 Reliquum
326 3114 396 3193 est,
429 3108 465 3168 ut
490 3102 741 3190 admoneamus,
778 3103 980 3168 uerisslmum
1004 3100 1128 3183 uideri,

74 3228 149 3309 qood
172 3232 207 3292 et
233 3224 446 3313 Theophilus
469 3223 573 3290 tradit
593 3228 628 3290 et
650 3224 753 3310 uulgo
776 3224 905 3308 placet,
927 3221 1129 3287 uenditionls

10 3394 13 3407 .
77 3348 148 3414 illam
169 3351 283 3438 legem
304 3348 414 3433 palam
437 3347 578 3432 proponi
600 3349 701 3430 atque
728 3346 864 3432 libellis,
898 3346 1016 3430 qulbus
1042 3345 1128 3408 iam-

80 3470 188 3550 pridem
221 3470 310 3535 bona
340 3468 546 3556 generaliter
575 3469 689 3532 essent
718 3468 926 3551 proscripta,
962 3465 1059 3531 adiici
1094 3468 1128 3530 et

84 3591 304 3672 quodammodo
327 3590 485 3678 subiungi
506 3589 636 3653 solitam
659 3606 744 3652 esse.
