3114 5046
169 645 213 686 gni

335 389 377 453 8⁰
440 384 534 487 Gap.
553 387 588 462 1.
639 386 700 462 lle
724 391 809 463 iore
834 410 995 463 consenc
1023 385 1288 474 Quinctium.

183 579 317 674 Ὺ»
336 577 461 661 petitur
483 575 651 642 decretum
683 580 740 641 aut
772 581 987 643 recusaturus
1020 579 1095 642 erit.
1143 573 1232 657 Quid
1255 568 1390 661 igitur?

337 693 480 782 Operam
513 696 604 762 dabit
633 696 793 775 Praetor,
824 702 860 762 ut
895 697 1026 763 debitor
1059 699 1133 781 illc,
1167 699 1222 784 qui
1253 697 1394 783 dicitur,

336 836 540 903 quocumque
561 817 658 882 modo
680 817 801 884 adesse
823 820 993 905 iubeatur,
1015 817 1142 883 domum
1163 821 1192 884 ei
1207 817 1394 885 denuncie-

336 945 408 1018 tur,
429 941 524 1005 amici
546 944 745 1025 euocentur3
777 940 954 1025 quinetiam
975 943 1106 1024 tempus
1127 942 1330 1026 constituet,
1365 942 1394 1003 si

337 1061 410 1145 quis
430 1059 612 1125 defendere
635 1060 785 1125 uoluerit·
828 1060 900 1127 Nec
923 1062 1016 1146 prius
1037 1079 1132 1145 quam
1154 1063 1202 1124 ita
1222 1079 1395 1145 apparue-

336 1183 397 1258 nt,
419 1198 526 1265 neque
540 1179 660 1246 adesse
675 1182 781 1264 illum,
803 1199 910 1267 neque
926 1179 1078 1271 defendi,
1099 1180 1257 1247 iudicabit
1271 1180 1395 1248 Edicto

335 1302 444 1368 locum
466 1319 559 1387 esse,
582 1303 733 1388 bonaque
753 1303 976 1386 postulantem
996 1307 1091 1369 recte
1112 1321 1347 1388 possessurum
1365 1302 1397 1377 ¹).

397 1496 447 1561 At
468 1514 549 1561 uero
570 1515 681 1561 earum
703 1515 812 1562 rerum
840 1498 997 1579 omnium,
1025 1496 1169 1581 denique
1189 1499 1298 1562 omnis
1325 1499 1396 1563 cius

334 1619 538 1705 cognitionis
558 1636 620 1684 nec
642 1618 719 1682 uoia
739 1635 803 1684 nec
824 1620 999 1706 uestigium
1021 1623 1173 1704 apparet.
1214 1619 1339 1697 Immo,
1359 1624 1395 1682 ut

336 1741 371 1804 in
392 1757 533 1807 caussae
555 1742 747 1824 propositae
761 1741 914 1824 exemplo
927 1741 1157 1817 subsistamus,
1178 1737 1396 1805 euidentissi-

336 1881 420 1926 mum
442 1867 511 1945 cst,
532 1861 729 1925 Burrienum
743 1860 953 1946 Praetorem,
974 1881 1072 1947 quum
1094 1864 1230 1945 primum
1246 1860 1395 1926 Naeuius

337 1981 379 2047 dc
400 1980 587 2047 uadimonio
609 1982 743 2046 deserto
766 1983 953 2062 docuisset,
983 1983 1072 2048 illico
1099 1980 1283 2067 eodemque
1303 1980 1397 2045 aditu

336 2104 425 2169 oona
458 2100 603 2184 Quinctii
636 2097 799 2187 possideri
831 2104 985 2188 iussisse,
1020 2120 1128 2187 neque
1156 2102 1397 2168 horam·unam

337 2230 575 2308 exspectasse,
597 2243 673 2288 num
687 2222 844 2288 defensor
860 2225 1031 2288 existeret
1053 2222 1124 2290 Nec
1139 2223 1268 2288 'Pullius
1283 2214 1397 2309 (quod

336 2345 566 2432 grauissimum
589 2334 665 2424 est)
687 2347 775 2409 inter
796 2349 846 2408 tot
868 2345 1022 2428 quercias
1043 2363 1158 2410 uocem
1179 2345 1306 2424 emisit,
1334 2365 1400 2431 qua

339 2466 461 2530 iniuste
492 2466 539 2529 ita
567 2467 704 2530 iussisse
736 2464 879 2531 Praetor
910 2467 1156 2531 insimularetur
1164 2485 1175 2552 3
1218 2467 1401 2552 quinetiam

339 2605 436 2671 quum
468 2589 627 2652 acerrime
660 2589 693 2650 tn
721 2587 963 2652 cartenarium
992 2586 1226 2671 mucheretur,
1263 2588 1320 2671 qui
1354 2589 1400 2653 ita

338 2708 544 2792 postulasset
565 2703 610 2794 ⁹),
642 2706 765 2772 diserte
794 2709 930 2796 negauit
954 2707 1054 2771 nilum
1075 2703 1222 2787 Quinctii
1244 2726 1400 2774 caussam

338 2827 568 2894 detrimentum
601 2828 678 2894 inde
709 2830 861 2914 cepisse,
896 2828 984 2914 quod
1017 2828 1161 2894 Praetor
1192 2847 1237 2893 es·
1268 2827 1401 2896 Edicto

338 2949 429 3015 dona
450 2951 620 3036 possideri
640 2951 793 3015 iussisset
808 2944 843 3027 ³).

402 3145 516 3210 'lertio
531 3145 621 3226 ioco,
642 3164 739 3228 quum
754 3163 815 3228 pro
830 3145 984 3210 tribunali
1000 3163 1121 3211 caussa
1138 3147 1278 3234 cognita
1297 3145 1404 3213 Prac-

340 3271 395 3330 tor
415 3264 537 3350 aliquid
557 3264 760 3345 decreuerit,
780 3265 939 3351 eflicitur,
962 3273 997 3330 ut
1013 3266 1103 3350 quod
1123 3269 1285 3332 incertum
1300 3272 1404 3334 antea

339 3405 380 3451 ac
394 3391 643 3451 controuersum
656 3389 743 3450 inter
756 3386 945 3473 litigatores
955 3391 1117 3476 agitatum
1128 3391 1189 3469 sit,
1212 3388 1245 3452 id
1258 3391 1323 3453 iam
1342 3410 1403 3474 pro

341 3508 517 3592 explorato
531 3526 572 3572 ac
586 3510 771 3591 composito
788 3507 964 3586 labatur,
987 3528 1049 3574 nec
1064 3512 1171 3595 magis
1183 3510 1291 3575 ferme
1306 3532 1404 3595 quam

341 3648 427 3715 quae
449 3632 520 3694 iure
540 3624 727 3714 iudicioque
749 3626 894 3694 iudicata
921 3631 1004 3711 sint,
1036 3632 1070 3694 in
1092 3629 1269 3697 discrimen
1292 3632 1403 3697 denuo

342 3752 448 3832 possit
470 3751 594 3817 uocari.

379 4053 405 4112 t)
423 4051 500 4103 toul.
520 4054 549 4102 l..
569 4056 596 4104 5.
615 4053 643 4118 §-
664 4058 688 4104 i.
708 4056 789 4119 Quib.
808 4070 840 4107 eu
930 4053 962 4113 ᾖ)
992 4057 1097 4108 videsis
1122 4071 1146 4108 c.
1174 4058 1203 4108 6.
1222 4058 1251 4109 8.
1277 4059 1401 4111 15-17.

343 4155 404 4191 cau.
433 4142 461 4190 lu
481 4157 524 4205 po.
548 4157 573 4192 a.
600 4144 628 4193 L.
654 4145 697 4193 Β.
727 4160 767 4207 pr.
805 4145 841 4194 liu
896 4143 940 4194 23·
959 4144 1004 4194 28.

343 4232 417 4295 quib.
437 4244 497 4280 cau.
518 4230 582 4280 mai.
931 4233 960 4292 8)
979 4246 1003 4281 c.
1025 4234 1067 4282 ia.
