3114 5046
337 439 398 502 628
492 419 587 522 Cup.
608 421 643 496 1.
683 419 745 496 Da
761 424 846 498 toro
863 445 1023 498 caucana
1043 409 1260 502 Tullianae.

178 621 220 660 ro..
237 623 315 705 ‚aas
335 618 443 684 neque
476 601 519 668 ad
539 620 703 668 causaom
732 586 904 688 quicquam
933 605 1056 669 ualere.
1098 605 1184 670 Nam
1213 608 1252 671 ut
1281 623 1391 692 reapse

206 704 318 793 aa.⁸,‘⁸''
336 725 466 810 quidam
495 744 536 789 ex
566 725 616 791 Μ.
637 724 735 789 Tuiiii
765 724 889 790 familia
915 724 1076 790 hominem
1099 727 1190 791 ilium
1213 732 1315 793 autea
1335 729 1392 794 ali-

336 846 468 933 quando
491 845 708 931 occidissent,
739 819 798 910 aut
819 863 929 911 casam
952 847 1040 912 iliam
1063 846 1316 933 incendissent,
1344 849 1391 913 uix

334 971 453 1035 iustam
476 968 563 1035 hanc
584 987 735 1034 caussam
757 969 876 1050 fuisse,
897 970 935 1032 ut
955 969 1019 1032 iam
1040 970 1181 1057 grauius
1200 970 1391 1053 expostula·

335 1095 428 1156 retur
448 1094 508 1156 aut
529 1093 654 1156 corium
676 1093 864 1175 peteretur,
890 1088 1008 1156 nedum
1030 1093 1069 1155 ut
1091 1090 1218 1155 iamiiia
1240 1089 1390 1157 concido·

335 1218 446 1278 rctur:
478 1211 521 1276 ad
552 1230 707 1277 summum
731 1213 855 1276 usitato
878 1213 967 1297 iure,
995 1211 1108 1289 noxali
1132 1212 1222 1300 legis
1245 1212 1388 1297 Aquiliae

300 1313 305 1321 ⁶
336 1332 473 1415 iudicio,
495 1331 734 1426 experiundam
756 1331 880 1418 Fabio,
902 1331 1138 1418 damnumque,
1166 1332 1257 1418 quod
1282 1351 1388 1418 passu

335 1459 444 1540 esset,
467 1451 731 1538 persequendum
755 1451 919 1525 suroca)

398 1591 526 1674 Quarto
557 1597 591 1659 et
621 1596 790 1679 postremo
820 1593 946 1659 Noster
971 1592 1167 1659 aduersario
1198 1595 1386 1680 exprobrat,

336 1715 422 1800 quod
452 1717 505 1781 uei
528 1734 568 1781 eo
590 1715 800 1805 confugerit,
828 1718 865 1779 ut
893 1714 1037 1802 diceret,
1069 1720 1302 1804 oppugnatum
1322 1729 1386 1780 sese

335 1836 384 1924 Μ.
406 1835 506 1901 Tuiiii
527 1824 647 1904 seruos
667 1838 755 1902 ultro
778 1839 939 1901 uenturos
959 1835 1079 1920 tuisse,
1107 1835 1261 1923 adeoque
1283 1837 1385 1904 conio·

335 1963 432 2024 ctura
453 1960 560 2047 magis
581 1963 616 2024 et
638 1959 735 2045 quasi
754 1956 959 2023 diuinatione
981 1976 1077 2043 quam
1099 1960 1194 2022 certa
1213 1977 1281 2023 non
1303 1953 1384 2022 nodo

336 2080 531 2146 defensione
553 2078 613 2146 scd
636 2083 734 2146 etiam
758 2081 909 2145 oratione
930 2080 964 2144 in
986 2096 1108 2145 caussa
1126 2079 1262 2164 perdita
1284 2084 1384 2144 utere-

336 2205 399 2266 tur.
441 2203 535 2268 liiius
555 2219 637 2267 uero
659 2203 821 2286 propositi
844 2211 951 2285 neque
973 2201 1144 2265 consilium
1165 2218 1277 2287 neque
1298 2216 1385 2267 caus·

335 2343 404 2387 sam
437 2341 545 2408 noque
564 2308 752 2388 'utilitatem
785 2323 925 2407 reperiri
956 2339 1056 2407 posse
1083 2339 1193 2407 neque
1220 2323 1383 2411 uestigium

336 2446 436 2510 uiium
457 2443 588 2510 adesse.
630 2444 783 2530 Denique
804 2448 842 2510 ut
862 2445 1002 2508 maxime
1021 2442 1146 2509 Fabius
1160 2445 1334 2525 metuerit,
1352 2455 1383 2504 nc

265 2624 269 2633 ,
336 2569 605 2655 oppugnaretur,
635 2567 794 2630 neminem
816 2583 967 2650 umquam
988 2566 1148 2630 statuisse
1170 2583 1235 2630 uec
1259 2558 1383 2631 concedi

335 2689 485 2773 cuiquam
517 2706 632 2771 posse,
661 2690 698 2751 ut
726 2705 798 2751 eum
825 2687 896 2751 iure
919 2687 1065 2770 potuerit
1088 2685 1263 2768 occidere,
1293 2700 1381 2770 aquo

336 2812 492 2874 metuisse
514 2827 552 2874 se
574 2808 681 2891 dicat,
703 2829 745 2873 ne
770 2811 840 2892 ipse
864 2811 1030 2891 posterius
1053 2807 1266 2874 occideretur
1279 2804 1329 2878 ¹³).

400 2933 512 3017 Atque
534 2929 618 2996 boec
641 2929 769 3014 quidem
792 2930 834 2993 ab
857 2934 990 2993 oratore
1012 2933 1129 2992 nostro
1152 2928 1195 2992 de
1219 2931 1319 2994 tertio
1340 2926 1380 2990 ilio

334 3053 518 3117 aduersarii
542 3052 634 3135 loco,
657 3071 721 3136 quo
745 3051 894 3116 damnum
918 3053 988 3114 iure
1004 3049 1144 3114 Tullium
1168 3069 1305 3134 possum
1322 3062 1381 3114 esst

334 3173 550 3256 defenderat,
582 3172 753 3255 disputata
774 3176 862 3235 sunt.
905 3168 1000 3251 Quae
1021 3174 1048 3234 si
1072 3172 1177 3255 probe
1201 3170 1380 3238 considere·

333 3315 422 3376 mus,
446 3312 556 3359 nonno
579 3293 748 3358 fatendum
772 3295 851 3375 erit,
873 3294 1045 3357 uerissima
1067 3311 1142 3357 esse
1166 3298 1269 3379 atque
1288 3294 1379 3377 aptis·

333 3419 433 3499 sima,
470 3417 589 3500 quibus
629 3423 771 3499 quatuor
799 3415 856 3478 ilia
888 3410 1033 3493 Quinctii
1070 3419 1271 3501 argumenta
1302 3412 1379 3476 infir·

334 3539 503 3599 marentur
537 3537 670 3621 singula
703 3541 737 3600 et
771 3537 870 3619 piane
905 3526 1141 3600 diluerentur?
1203 3535 1328 3620 Ecquid
1355 3535 1378 3592 in

333 3671 531 3742 unoquoque
556 3659 717 3743 reliquum
752 3658 813 3722 iuit
843 3656 1016 3739 Quinctio,
1046 3657 1079 3720 in
1107 3674 1173 3740 quo
1204 3676 1272 3721 non
1299 3651 1377 3721 modo

333 3782 550 3863 consisteret,
572 3778 632 3844 sed
655 3781 785 3843 omniuo
808 3770 1042 3866 repugnaret?

206 3931 322 3994 ,aroana
396 3898 508 3964 Audio
531 3901 715 3985 fateorque.
747 3900 819 3966 Nec
841 3904 950 3965 tamen
974 3903 1006 3962 in
1029 3901 1170 3964 animum
1195 3900 1271 3965 mihi
1295 3896 1374 3962 indu-

187 3989 224 4027 dai
223 4001 285 4028 eeeeee

331 4040 409 4086 cere
431 4041 575 4106 possum,
598 4022 692 4088 Fabii
715 4021 925 4088 defensorem
944 4023 976 4086 in
990 4006 1111 4087 caussa
1129 4025 1202 4087 siue
1220 4025 1304 4087 iusta
1319 4021 1373 4082 siut

367 4248 412 4312 aa)
432 4251 459 4300 o.
480 4263 518 4300 o.
539 4248 623 4313 §.sc
928 4249 972 4313 1³)
989 4251 1054 4305 roro.
1073 4249 1159 4315 §.so
