3114 5046
722 66 763 155 ’ἀ

329 368 372 430 id
432 364 527 468 Gap.
553 366 587 441 1.
638 364 701 442 De
718 370 811 441 iare
836 382 997 442 caussae
1025 366 1291 455 Quinctianae.

83 631 86 637 ,
162 554 311 665 ,ᾒξξξξξζ
392 556 468 640 Qua
490 555 531 623 de
560 574 597 622 re
624 554 699 620 dum
724 574 813 641 quae,
834 552 996 624 Naeuiae
1029 577 1158 642 quaeue
1182 556 1395 625 Hortensius

228 681 230 684 ’
328 685 501 766 patronas
529 678 657 759 orauit,
693 678 814 764 aliquis
840 677 937 744 nobis
967 677 1163 764 tradiderit,
1196 681 1395 747 tutissimum

330 802 394 876 crit
416 799 597 889 diligenter
617 797 814 883 attendere,
844 803 952 864 utrum
977 798 1114 867 'I'aliias
1136 801 1308 887 potissime
1330 801 1395 867 de-

327 920 494 1008 fenderit.
1238 889 1242 904 ¹

391 1039 442 1108 At
470 1061 552 1108 uero
582 1042 637 1128 qui
659 1040 723 1107 hoc
744 1042 883 1108 consilio
913 1043 1047 1132 integra
1072 1043 1251 1129 solutaque
1283 1046 1396 1109 mente

330 1167 513 1231 orationem
543 1183 605 1249 pro
635 1160 792 1245 Quinctio
818 1164 1025 1252 perlegant,
1063 1163 1154 1229 facili
1175 1166 1313 1253 negotio
1335 1183 1396 1229 re-

329 1287 454 1372 periet,
486 1286 544 1350 uix
576 1304 643 1349 uno
677 1285 829 1350 alterode
868 1285 972 1350 uerbo
1008 1285 1206 1350 latitationis
1241 1302 1395 1351 caussam

329 1407 473 1496 attingi,
495 1407 617 1472 nuliam
638 1424 725 1484 rem,
748 1423 833 1490 quae
854 1406 889 1470 in
909 1406 1096 1471 latitantem
1118 1407 1255 1491 proprie
1276 1405 1396 1488 cadat,

330 1547 439 1614 neque
460 1526 606 1617 negandi
629 1545 737 1612 neque
759 1525 943 1593 excusandi
963 1528 1076 1616 gratia
1097 1526 1264 1612 proferri,
1296 1526 1397 1593 deni·
1427 1598 1430 1604 ,

330 1669 395 1736 que
417 1668 545 1715 omnem
566 1651 638 1714 eius
652 1666 792 1714 caussae
808 1649 1150 1714 commemorationem
1165 1646 1304 1733 perinde
1321 1648 1397 1713 iere

330 1775 431 1858 sique
460 1771 667 1856 superiorum
695 1768 833 1834 duarum
856 1768 955 1833 talem
977 1787 1074 1854 esse,
1111 1768 1239 1854 quaiem
1263 1771 1396 1837 nonai)

330 1912 371 1960 eo
393 1893 667 1979 exspectamus,
694 1892 748 1976 qui
772 1889 953 1970 periculum
976 1888 1053 1954 inde
1074 1891 1137 1955 sibi
1160 1894 1308 1956 creatum
1331 1890 1396 1957 de-

329 2016 489 2100 pelleret,
510 2033 624 2079 uerum
645 2013 749 2077 multo
770 2012 878 2100 magis
898 2010 942 2077 ab
964 2029 1023 2096 eo,
1059 2013 1113 2098 qui
1136 2014 1333 2078 tutissimum
1356 2029 1396 2078 se

329 2134 393 2202 hae
416 2144 513 2221 parte
533 2136 674 2215 sentiret
682 2128 720 2208 ⁷).

285 2323 290 2328 .
393 2253 521 2324 Contra
543 2260 693 2342 quartam
715 2254 804 2319 iilum
826 2271 998 2340 caussam,
1027 2251 1094 2337 Qui
1116 2275 1243 2322 cussus
1263 2275 1395 2326 roureio

330 2396 500 2444 uuuasus
532 2396 597 2441 uon
631 2394 773 2461 rusam,
811 2395 908 2460 quum
937 2378 1075 2461 primum
1110 2379 1233 2443 mentio
1263 2377 1396 2461 incidit,

328 2498 483 2564 studiose
504 2495 727 2582 adprehendit
750 2499 866 2562 orator
876 2492 921 2576 ⁸),
954 2516 1016 2583 per
1038 2498 1133 2583 plura
1155 2496 1276 2564 deinde
1297 2501 1396 2584 capi-

329 2615 398 2695 ta⁹)
422 2619 644 2685 intentissima
666 2636 747 2685 cura
768 2619 995 2704 persequitur,
1021 2623 1178 2705 totusque
1200 2621 1233 2684 in
1257 2639 1297 2684 eo
1321 2624 1396 2705 cst,

328 2746 366 2807 ut
404 2760 448 2807 ex
477 2741 565 2806 iiiius
592 2741 764 2808 clausulae
799 2741 927 2825 laqueis
957 2737 1144 2820 Quinetiam
1174 2741 1332 2806 exsoluat
1353 2759 1396 2807 ac

328 2864 458 2929 liberet.
500 2862 562 2929 Cui
583 2864 632 2928 rei
653 2863 739 2928 sicut
755 2860 945 2946 iampridem
967 2862 1000 2925 in
1023 2863 1217 2927 narratione
1238 2867 1339 2929 caute
1359 2866 1395 2928 ct

328 2986 483 3052 consulto
513 2978 803 3069 prospexerat¹⁰),
839 2984 885 3047 ita
907 2984 1005 3047 etiam
1040 2984 1072 3047 in
1111 2975 1394 3070 peroratione¹¹),

327 3105 384 3172 ubi
413 3109 570 3172 caeterae
598 3121 739 3170 caussae
776 3104 894 3188 partim
932 3104 1124 3168 breuissime
1161 3108 1394 3189 transeuntur,

328 3229 447 3310 partim
469 3227 570 3312 plane
592 3225 812 3306 omittuntur,
834 3226 997 3313 insignem
1017 3223 1180 3309 quandam
1195 3244 1307 3292 curam
1329 3224 1394 3292 ad-

330 3346 452 3423 hibuit,
489 3364 594 3431 eaquc
628 3364 709 3410 usus
738 3349 790 3411 est
812 3364 885 3411 cum
906 3347 1077 3434 grauitate
1102 3351 1169 3410 tum
1192 3348 1291 3430 copia
1313 3367 1394 3412 uer-

328 3468 460 3550 borum,
490 3486 575 3553 quae
605 3469 760 3552 primario
782 3469 839 3533 iilo
862 3469 966 3532 totius
988 3467 1195 3535 defensionis
1218 3467 1394 3554 iudiciique

329 3589 406 3656 ioco
429 3592 463 3655 et
485 3589 597 3673 eapite
620 3587 723 3677 digna
745 3591 846 3654 esset.

392 3707 544 3795 Simplex
566 3708 651 3776 haee
672 3711 777 3794 ratio,
801 3727 843 3774 ex
868 3712 1029 3775 orationis
1057 3710 1171 3775 iarbiiu
1201 3716 1303 3796 utque
1328 3711 1392 3776 ad-

364 4033 393 4096 7)
413 4035 480 4085 Vide
499 4048 523 4084 c.
543 4035 586 4086 19.
605 4035 648 4085 27.
669 4035 712 4084 aa.

364 4122 391 4177 8)
409 4137 432 4172 c.
453 4125 495 4173 ia.

364 4210 392 4274 9)
412 4225 436 4259 c.
458 4211 568 4262 19-22.
