3114 5046
334 375 397 438 ili
460 371 556 474 Gap.
583 376 616 448 1.
673 372 731 448 De
749 378 834 449 inre
852 399 1012 450 caussae
1031 373 1300 452 Gueeinianae.

242 591 300 675 ,⁰3:22¹
399 580 606 657 experiatur
626 579 942 659 possessionemque
969 576 1036 640 sibi
1064 579 1205 641 restitui
1232 575 1346 660 posteri

397 696 545 781 probare
575 694 877 782 recuperatoribus
908 701 1081 783 imprimis
1112 696 1261 780 debeat,
1293 716 1346 763 urs

397 834 436 882 se
466 818 661 904 possedisse
695 835 838 904 eumque
873 823 1127 902 possessionem
1159 822 1197 883 ui
1229 818 1294 884 iiia
1328 822 1346 885 t

398 934 590 1005 annasse?

397 1057 477 1125 ium
498 1058 562 1126 icoc
584 1059 658 1126 ioco
680 1058 770 1127 rrtirii
785 1060 910 1148 iratres,
933 1063 1023 1149 quoti
1036 1081 1202 1153 reponas,
1225 1066 1297 1129 rrisi
1310 1060 1346 1148 fo

397 1179 502 1247 nerins
523 1183 704 1247 interdicti
725 1184 772 1248 de.
786 1188 824 1248 ni
842 1182 1039 1250 tonitribus
1057 1189 1207 1250 arrnatis
1227 1189 1346 1251 coacti

396 1302 611 1390 peculiarem
627 1302 818 1386 sormidam
837 1324 880 1369 ue
894 1309 1078 1392 rationem,
1100 1305 1266 1395 morsque
1283 1302 1346 1371 Pri

399 1427 515 1490 iorum
543 1429 756 1490 sententiam
784 1430 821 1491 et
845 1425 1079 1512 oroiuntatem,
1115 1427 1209 1492 urite
1242 1426 1346 1512 effeci

399 1563 475 1610 esse
502 1548 651 1632 statuis,
683 1550 724 1610 nt
748 1550 858 1611 etiam
885 1551 944 1634 qui
972 1565 1043 1612 non
1070 1536 1305 1633 possedisset,
1340 1572 1346 1614 r

398 1666 586 1733 interdicto
607 1671 748 1733 uincere
769 1672 897 1751 posset.
942 1666 1043 1750 Quod
1059 1674 1102 1734 nt
1120 1667 1245 1752 fatear
1265 1687 1285 1733 e
1305 1689 1346 1736 su

399 1806 460 1854 mu
486 1789 668 1854 interdicti
695 1793 912 1874 proprietate
941 1794 1064 1877 maneri
1096 1807 1198 1875 posse
1227 1809 1278 1855 arr
1310 1786 1346 1856 re

400 1914 599 1997 statuatur,
632 1915 672 1975 tu
696 1914 821 1976 contra
847 1929 977 1996 otepare
1005 1910 1100 1976 tentio
1124 1911 1226 1975 mocio
1250 1916 1346 1998 poter

401 2050 633 2120 communem,
663 2051 767 2120 quarn
791 2033 892 2097 modo
915 2037 1081 2119 exposui,
1110 2037 1198 2099 iuris
1217 2038 1346 2099 ratioet«

399 2159 432 2221 si
457 2149 612 2221 Caecina
631 2150 801 2241 ficrtdm,
826 2154 872 2245 oie
894 2172 960 2242 ouo
981 2158 1116 2240 apttnr,
1149 2172 1260 2243 rteqrae
1282 2174 1346 2241 poe

408 2276 503 2340 derit
530 2292 641 2360 memte
676 2274 753 2340 utta
788 2293 951 2365 umquam
980 2280 1118 2341 ratione
1151 2280 1325 2355 tennerit,

400 2393 552 2462 Aebutio
573 2414 644 2462 non
665 2415 689 2460 u
710 2390 868 2463 Caecina
889 2401 996 2462 sture.
1041 2394 1118 2463 Sed
1143 2397 1186 2461 aie
1211 2401 1328 2482 ipsine

401 2517 543 2583 terdioti
561 2517 733 2602 pensitari
749 2516 866 2603 forma
888 2523 922 2582 et
945 2523 1022 2584 iure
1041 2537 1112 2583 oron
1133 2515 1238 2583 ituim
1261 2518 1331 2583 loci

401 2639 593 2725 disputare.
635 2636 740 2705 Nune
765 2637 852 2704 mitti
869 2643 960 2704 sotis
982 2644 1036 2704 est
1055 2637 1231 2722 refutasse
1253 2644 1346 2725 prim

401 2761 491 2827 iilud
515 2762 604 2850 qnod
630 2765 797 2848 arpotistt,
829 2761 941 2825 scelecti
962 2766 1113 2825 naturae
1143 2761 1218 2846 iepe
1253 2760 1346 2848 qrtati

401 2904 446 2949 ac
461 2887 671 2949 neccessitate
694 2878 885 2947 anetrcam
909 2886 1050 2946 nituere
1072 2885 1242 2966 oportere.

401 3001 526 3088 Utique
549 3003 607 3069 tuli
630 3003 702 3068 fere
724 3004 854 3066 ratione
869 3000 1034 3066 Pisonem
1056 3004 1091 3065 in
1113 3004 1283 3087 prioribus
1305 3022 1345 3070 es

337 3143 397 3190 sne
419 3125 607 3191 notionibus
629 3125 833 3208 propositam
858 3118 1036 3188 Ciceronis
1064 3123 1296 3190 defensionem
1324 3144 1346 3190 u

339 3251 510 3336 arguisse,
551 3251 750 3334 argumento
794 3245 870 3309 mihi
914 3248 993 3308 surii
1031 3246 1103 3326 itin,
1147 3264 1233 3329 quoe
1271 3248 1305 3311 in
1342 3244 1346 3308 i

339 3371 491 3433 oratione
530 3367 571 3433 de
610 3370 800 3432 iniuriarum
832 3369 964 3433 notione
1003 3386 1044 3432 ne
1078 3367 1220 3451 publicis
1254 3367 1345 3434 iudie

339 3489 502 3572 quomodo
524 3492 567 3553 ub
590 3489 768 3555 interdicto
792 3489 962 3570 different,
995 3493 1029 3553 et
1052 3507 1111 3554 cur
1133 3488 1318 3555 interdicto
1341 3508 1346 3574 1

340 3611 465 3675 tissime
487 3609 653 3698 egendum
677 3606 852 3676 Caecinae
875 3611 992 3695 iuerii,
1015 3612 1209 3675 iniieiuntur
1223 3604 1258 3686 ³).

375 3867 400 3933 ³)
420 3883 445 3921 e.
461 3869 486 3918 ³.
502 3875 567 3920 extr.
600 3871 660 3921 «Ex
674 3885 726 3933 quo
745 3884 840 3934 genere
901 3883 1005 3932 «quum
1017 3869 1133 3921 uideatis
1144 3871 1346 3923 nihiiaiiudaei

348 3961 483 4019 «peceati,
503 3959 842 4018 utiiiioismitont,ueiin·
900 3964 970 4010 «nisi
995 3962 1190 4021 possessiouem
1219 3973 1270 4020 per
1299 3964 1346 4012 iuti

343 4062 357 4090 o
368 4050 494 4097 turiurum
508 4048 553 4098 uei
563 4050 656 4109 eapitis
669 4049 766 4098 iudicio
781 4062 842 4098 eon·
900 4065 912 4090 «
924 4058 993 4099 ctum
1008 4062 1065 4100 esse
1076 4051 1256 4109 repetitemio
1275 4076 1305 4086 -
1322 4064 1346 4101 c.

341 4138 453 4185 restituta
466 4142 542 4194 sunt,
563 4138 590 4185 in
606 4150 638 4186 eo
650 4140 760 4198 potestis
773 4144 841 4188 stro·
899 4146 963 4190 extr.
988 4138 1031 4186 12.
1079 4136 1254 4189 «Conuocrn
1288 4141 1346 4192 hom

340 4225 467 4276 «citatem
492 4230 606 4276 nostram
633 4225 839 4288 reprehendere.
899 4236 1030 4289 «propior
1049 4229 1224 4287 possessionis
1252 4237 1346 4281 contro
