3114 5046
248 512 426 601 excitem,
454 531 651 608 eorumque
678 510 881 601 beneficio,
909 536 979 609 qna
1000 526 1083 585 sunt
1103 512 1257 587 solertia
1281 532 1318 588 et

245 668 489 760 humanitate,
532 671 676 770 optimis
707 669 874 744 consiliis
900 678 1027 746 anctus
1054 682 1319 770 mercatusque

245 827 294 902 ad
320 831 501 930 inceptum
527 825 775 929 peragendum
801 825 994 902 accedam:
1022 827 1193 920 alteram,
1221 833 1318 904 insi-

244 1008 352 1086 gnem
379 1009 460 1060 mea
485 985 629 1085 quidem
655 989 837 1061 sententia
857 990 1102 1062 commentarii
1125 987 1319 1065 utilitatem

242 1155 351 1245 atque
387 1154 651 1234 ornamentum,
697 1154 736 1217 ut
771 1167 864 1244 qnae
901 1144 1155 1246 disputationis
1195 1152 1319 1247 magis

243 1329 348 1403 qnam
379 1302 634 1378 admonitionis
665 1313 768 1394 sunt,
814 1302 1053 1378 Semestrium
1078 1303 1185 1381 lrisoe
1210 1305 1320 1380 libris

245 1460 569 1564 comprehendam,
596 1469 729 1562 postea
750 1483 843 1535 nero
872 1463 1147 1537 commentarius
1178 1485 1319 1564 perpe-

243 1630 326 1694 tuus
362 1619 500 1696 laboris
535 1621 689 1697 fructum
718 1623 839 1722 potius
876 1644 979 1717 quam
1009 1622 1125 1721 ipsum
1150 1619 1318 1696 laborem

244 1777 440 1870 annea,
484 1778 654 1877 adeoque
680 1777 883 1868 efficiatnr‚
926 1787 965 1851 nt
991 1780 1144 1879 copiose
1168 1778 1319 1878 quidem

243 1961 289 2014 ac
313 1935 519 2014 luculenter
546 1934 725 2014 Auctoris
755 1944 952 2013 contextus
981 1935 1204 2029 illustretur,
1242 1962 1319 2017 nec

244 2104 387 2188 tamen,
422 2093 522 2193 qnod
547 2093 646 2169 hand
670 2118 755 2170 raro
780 2094 955 2172 accidere
981 2094 1172 2189 uidemus,
1211 2120 1318 2172 com-

243 2257 407 2329 mentarii
445 2258 553 2356 copia
596 2254 767 2329 obruatur
809 2256 961 2354 eiusque
1000 2256 1103 2353 qnasi
1146 2254 1320 2331 tlnotibus

242 2413 505 2513 submergatur.

319 2644 518 2721 Enimuero
544 2646 721 2721 hactenus
748 2644 973 2738 Semestria,
1001 2668 1150 2745 quornm
1177 2648 1316 2745 primns

242 2830 337 2883 nunc
361 2805 424 2882 hic
449 2804 571 2906 prodit
596 2803 769 2898 libellus,
795 2804 938 2878 futrnae
964 2824 1066 2877 meae
1094 2804 1319 2899 quarundam

243 2962 454 3041 Orationnm
479 2962 644 3037 Editioni
671 2965 893 3050 inseruient,
920 2964 1070 3059 eiusque
1088 2982 1316 3061 praeparan-

243 3121 315 3198 dae
345 3144 493 3197 munere
528 3121 734 3220 fungentur.
804 3117 886 3195 Sed
917 3142 989 3193 non
1016 3116 1053 3191 id
1079 3116 1196 3192 solnm
1224 3123 1315 3194 mihi

241 3284 430 3384 proposui,
449 3306 554 3381 quum
573 3276 778 3356 Semestria
790 3275 954 3351 scribere
968 3277 1151 3350 constitui.
1191 3275 1318 3355 Enixe

241 3441 378 3518 curabo
405 3464 498 3541 qnos
526 3437 690 3514 editurus
718 3460 796 3510 sum
828 3431 1022 3511 Ciceronis
1056 3431 1197 3527 libros,
1241 3461 1317 3515 neo

240 3611 357 3676 umen
392 3600 578 3701 negligam
617 3619 709 3696 qnos
735 3618 809 3671 non
831 3617 910 3668 snm
935 3589 1109 3666 editurus.
1168 3591 1228 3669 De
1252 3597 1315 3671 his

240 3783 382 3858 quoqne
413 3759 577 3835 omnibns
608 3755 717 3831 multa
748 3756 1004 3830 commentatus
1034 3773 1113 3823 snm
1138 3774 1183 3827 ao
1214 3778 1314 3850 quo-

240 3916 330 3993 tidie
351 3925 581 3994 commentor.
635 3913 706 3988 Ubi
729 3936 834 4011 quum
857 3908 1015 3983 fortasse
1033 3910 1208 3983 inuenero
1236 3912 1314 3984 ali-

240 4074 350 4173 quid,
395 4074 491 4149 haud
528 4073 710 4170 indignum
749 4065 846 4165 quod
870 4069 905 4138 in
941 4063 1120 4167 publicum
1161 4069 1313 4164 proler-
