3114 5046
349 408 387 484 s.
413 393 453 468 ὅ.
506 393 568 469 Do
593 391 830 494 Arqomcoto
855 395 1054 470 orationis.
1171 412 1230 473 611

174 573 200 652 t
223 573 273 639 17.
294 573 514 640 Acerronium
544 573 610 639 dicl
638 575 840 658 appellatum
867 592 943 640 esse
965 592 986 639 a
1007 572 1128 639 Tullio.
1169 572 1412 654 Quionmmn„

173 697 302 763 etiamsi
317 694 500 779 diceretur,
522 694 773 780 haudquaquam
794 700 954 781 apparet,
977 696 1088 779 paullo
1105 701 1232 779 postea,
1256 669 1307 702 ’ω’

173 837 272 903 quum
298 817 381 883 fines
407 815 505 882 modo
532 821 647 882 essent
676 815 914 899 demonstrati,
942 815 1124 882 defraudo
1147 818 1235 880 iniu-

172 941 267 1005 rlauc
299 939 395 1004 Fabii
426 941 456 1002 ei
486 938 593 1004 fuisse
618 957 830 1023 persuasum,
863 939 982 1004 nedum
1004 940 1047 1003 ab
1069 941 1236 1024 emptione

172 1079 246 1127 sum
281 1062 474 1126 recessisse.
516 1060 599 1126 Nam
627 1064 747 1145 postea
778 1079 915 1145 quoque
941 1053 1053 1141 (conl.
1075 1057 1101 1135 §.
1122 1051 1236 1139 aust]

172 1179 280 1246 Fabio
302 1181 426 1268 adluit,
450 1201 546 1267 quum
569 1185 599 1246 ls
620 1183 702 1246 luris
722 1182 774 1247 sul
796 1180 987 1247 uindicandi
1009 1199 1131 1248 caussa
1152 1180 1237 1247 Tul-

172 1304 252 1368 lium
271 1304 484 1387 conueniret,
506 1321 570 1370 nec
585 1307 679 1369 certa
693 1304 765 1368 siue
781 1303 845 1370 hoc
859 1306 931 1367 slue
945 1305 1010 1368 alio
1027 1305 1103 1369 ioco
1118 1320 1238 1369 caussa

173 1425 243 1490 ulla
264 1428 421 1509 apparet,
443 1443 504 1490 cur
524 1444 545 1490 a
568 1428 641 1490 toto
655 1426 792 1513 negotio
809 1426 919 1490 subito
933 1426 1118 1512 resiluerit,
1141 1445 1237 1510 quum

173 1547 370 1632 praesertim
383 1548 442 1610 uix
457 1545 589 1613 dubium
603 1548 664 1631 sil,
686 1549 766 1631 quin
780 1546 863 1612 fines
878 1551 910 1611 ei
930 1566 972 1610 ex
987 1548 1156 1612 senlenlia
1171 1549 1239 1610 sint

173 1667 315 1734 ansolo
329 1667 562 1750 demonstrati,
584 1666 824 1753 comprehensa
847 1670 995 1733 nimimm
1019 1688 1085 1732 non
1102 1669 1238 1734 exclusa

174 1792 327 1856 centuria
349 1787 592 1875 Populiana⁸);
615 1789 751 1854 traditio
774 1795 905 1873 autem,
929 1791 956 1852 si
980 1794 1091 1854 tamen
1113 1792 1238 1853 oratori

174 1908 375 1977 credendum
397 1916 451 1978 est
473 1915 634 2000 neganti,
655 1910 742 1976 hanc
764 1913 945 1976 centuriam
968 1928 1106 1976 uacuam
1129 1909 1239 1974 tradi-

175 2035 242 2099 tan
258 2050 351 2116 esse,
367 2034 417 2099 stc
434 2033 587 2099 uideatur
601 2035 824 2118 processisse,
838 2036 875 2097 ut
893 2036 951 2096 aut
966 2033 1091 2097 celaret
1107 2035 1241 2115 empto-

175 2172 245 2219 rem
267 2152 310 2219 de
331 2155 440 2220 sileno
464 2158 680 2238 possessione
696 2157 992 2239 controuerslaque
1007 2152 1084 2217 inde
1101 2153 1240 2218 oriunda

175 2273 341 2360 uenditor,
362 2279 422 2340 aut
441 2273 483 2340 de
498 2277 569 2341 iure
582 2295 644 2341 suo
659 2277 886 2361 calumniaque
899 2274 997 2341 'l’ullii
1013 2276 1240 2358 conuinuerel‚

175 2414 216 2463 uc
237 2401 344 2462 tulum
364 2397 518 2482 bonoque
539 2398 649 2463 animo
671 2415 747 2463 esse
770 2399 897 2462 iuberet
912 2400 1059 2462 auctoris
1073 2396 1159 2484 fide,
1177 2416 1238 2462 suo

177 2519 325 2602 periculo
340 2537 409 2584 rem
431 2524 568 2584 strenue
591 2519 747 2604 facilique
769 2521 906 2605 negotio
930 2516 1112 2583 defensuri.

239 2636 422 2719 Quominus
451 2638 593 2725 denique
616 2640 835 2706 Acerronlum
863 2639 951 2723 apud
974 2639 1115 2705 'lollium
1138 2644 1241 2724 pute-

176 2776 308 2824 musso
330 2763 563 2843 excusauisse,
587 2762 643 2826 illa
667 2780 797 2846 quoque
818 2763 905 2827 ratio
929 2761 1026 2846 facit,
1050 2759 1154 2846 quod,
1176 2763 1239 2825 nial

176 2899 304 2946 omnem
333 2884 382 2947 rei
409 2887 530 2971 gestae
560 2881 708 2947 ordinem
731 2888 846 2948 orator
868 2885 1059 2948 narratione
1081 2900 1142 2947 sua
1165 2885 1240 2946 tur-

175 3004 286 3086 bauit,
308 3003 517 3070 Acerronius
539 3004 603 3072 hoc
626 3010 792 3087 tompore,
816 3024 879 3089 quo
902 3003 985 3069 lines
1006 3008 1085 3068 sunt
1099 3003 1240 3069 demon-

176 3127 290 3209 sirau,
321 3127 413 3192 nulio
445 3126 545 3192 dubio
576 3145 641 3191 una
672 3145 744 3192 cum
778 3126 883 3191 Fabio
915 3127 949 3191 in
972 3125 1120 3190 Thurino
1149 3128 1240 3188 inre

177 3242 362 3329 praesenti
381 3249 597 3331 uersabatur‚
631 3247 761 3331 Tullius
793 3266 874 3312 ucro
905 3245 1081 3311 etiamdum
1113 3245 1241 3311 Romae

178 3372 271 3454 erat,
303 3370 424 3453 quippe
453 3370 521 3455 qul,
553 3389 649 3455 quum
679 3368 774 3433 modo
802 3374 904 3434 antea
924 3369 967 3433 ad
991 3372 1241 3453 procuratorem

178 3489 212 3553 ln
235 3487 417 3553 'l'hurinum
438 3491 571 3555 litteras
592 3493 736 3556 misisset
758 3488 799 3566 (§.
824 3489 886 3561 17.)
895 3485 940 3573 ⁹),
963 3496 1083 3575 postea
1105 3488 1243 3573 demum,

176 3611 289 3675 multis
310 3613 509 3697 interiectis,
531 3616 565 3677 ln
587 3612 769 3677 Thurinum
791 3614 930 3679 uenisse
947 3609 1142 3684 dicatur¹⁰).

210 3783 240 3849 7)
261 3784 366 3850 «Rogat
383 3785 480 3837 Fabius
498 3786 682 3851 Acerronlum,
741 3795 853 3840 «tameo
872 3789 941 3840 hanc
960 3790 1107 3840 centuriam
1120 3788 1242 3850 Populia-

181 3886 264 3925 snum
289 3873 326 3922 tbi
352 3878 407 3924 tum
435 3880 508 3935 erut,
538 3883 568 3925 ut
592 3888 682 3927 uacum
741 3890 823 3928 anum
841 3889 952 3928 uacuam
971 3876 1106 3926 tradldltm

182 3961 282 4014 «simul
299 3963 390 4013 ueniat
406 3963 440 4015 ad
456 3963 584 4016 Tullium.
604 3964 682 4018 Veni·
790 3967 819 4020 o)
838 3966 906 4016 Vide
924 3976 1004 4027 supra
1024 3972 1079 4016 not.
1098 3963 1124 4015 2.

180 4063 272 4104 stur.»
293 4052 342 4103 rel.
773 4052 816 4117 10)
835 4052 864 4117 ἕ.
885 4054 929 4103 lo.
959 4068 991 4103 α.
1013 4086 1020 4100 .
1041 4085 1048 4100 .
1068 4065 1159 4116 amor.
1186 4055 1242 4103 uias

211 4139 238 4198 8)
254 4138 285 4205 5.
298 4139 343 4190 17.
364 4139 436 4191 «illia
448 4140 603 4192 absentibus
615 4142 681 4193 tinas
739 4143 879 4206 «dentque
898 4141 1162 4194 intermittebant.
1191 4141 1242 4192 Ve-

179 4230 345 4282 «iconomo
358 4229 570 4294 demonstrauitq
590 4244 681 4298 neque
739 4235 800 4284 «ult
811 4232 993 4298 tuThyrtnum
1003 4231 1241 4284 interminum.»
