3114 5046
244 366 283 443 s.
312 356 347 428 1.
401 351 541 428 ludicii
565 358 672 455 oripo
697 365 733 429 et
760 364 913 429 notura.
1091 357 1109 417 3

113 543 201 628 Quid
221 547 328 633 igitur
351 543 494 610 Praetor
514 536 693 610 decreuit?
1132 544 1276 643 “oppam

111 669 239 753 Nempe
251 668 349 732 iussit
365 666 403 732 P.
414 664 603 747 punctum
620 685 693 734 eum
709 662 746 734 S.
760 666 889 732 Naeuio
898 669 1111 751 sponsionem

55 791 174 856 iacere.

113 909 289 992 Quomodo
310 901 596 996 eoricipiendam?

112 1033 301 1098 Audiamus
322 1032 463 1097 Tullium
485 1035 651 1110 nostrum,
673 1032 728 1116 qui
750 1029 879 1096 duobos
899 1031 984 1098 iocis
1004 1050 1113 1115 apon-

54 1156 155 1220 aionis
176 1155 266 1219 iliius
288 1162 437 1219 tenorem
459 1153 556 1217 nobts
577 1151 725 1217 tradidit.

114 1275 230 1341 Verba
243 1277 316 1340 eius
330 1270 440 1354 (tieeat
456 1275 621 1358 tantisper
637 1271 810 1338 Editorum
825 1276 1114 1360 Interpretumque

56 1397 320 1473 emendationes,
342 1398 540 1472 uarietates,
563 1396 702 1462 consilia
723 1393 866 1480 deniqne
888 1398 997 1459 omnia
1011 1414 1114 1479 prae-

58 1511 248 1594 termittere)
270 1536 314 1582 ex
336 1517 493 1583 Codicum
508 1518 822 1601 manuscriptorum,
843 1518 1114 1599 sinonomnium,

57 1643 90 1703 at
109 1640 213 1725 louge
235 1640 368 1703 maioris
389 1640 496 1722 partis
516 1639 718 1704 auctoritate
741 1637 824 1704 haee
845 1640 940 1703 sunt:

115 1780 144 1826 c.
166 1758 198 1823 8.
244 1760 363 1825 «nabet
385 1757 427 1825 P.
450 1757 651 1843 Quaesitum
671 1763 891 1845 sponsionem
913 1757 1052 1844 faeere:
1074 1754 1116 1825 Sr

61 1902 169 1948 mosa
189 1901 257 1947 sua
273 1903 318 1946 ax
339 1881 466 1946 Euromo
487 1881 526 1946 P.
540 1882 714 1946 Buaaruar
731 1879 930 1947 Pasaronrs
947 1900 1023 1946 oras
1037 1899 1117 1944 aar.

63 2022 245 2069 unossrssa
267 2023 331 2067 non
354 2022 506 2068 asserir..

115 2143 145 2191 e.
164 2123 219 2188 27.
267 2121 446 2209 «Sponsto
475 2142 563 2214 perae
589 2127 629 2188 ta
649 2122 758 2189 uerbo
777 2121 879 2208 socie
907 2119 989 2190 est?
1010 2118 1051 2189 Sa
1073 2143 1117 2187 nx

62 2245 211 2312 edissero
223 2245 422 2311 Paanroars
436 2264 524 2310 aona
540 2245 578 2311 P.
588 2242 745 2327 Qumenn
761 2263 921 2310 possessa
936 2263 1001 2310 noa
1013 2238 1117 2310 ⁸1an

116 2369 215 2449 Quae
235 2370 266 2432 si
287 2374 380 2433 recte
402 2386 440 2432 se
462 2366 602 2455 habent,
627 2368 718 2431 nulio
742 2366 842 2433 dnbio
864 2368 961 2432 iussit
975 2366 1118 2432 Praetor

59 2487 247 2571 Quinotium
268 2490 367 2554 tatem
382 2490 595 2573 sponsionem
610 2488 741 2570 iacere,
764 2492 800 2552 ut
814 2507 835 2553 a
849 2488 977 2554 Naeuio
993 2493 1118 2554 certam

60 2613 222 2696 pecuniae
242 2630 398 2675 sumniam
419 2612 652 2695 stipulantur,
681 2610 743 2674 sub
765 2628 806 2674 ea
827 2610 1038 2675 condicione:
1064 2605 1120 2675 «st

63 2733 174 2799 ιὺοιια
186 2750 266 2797 mea
277 2751 325 2796 eae
335 2731 466 2796 Edicto
481 2728 526 2797 P.
533 2730 700 2797 Burrieni
712 2729 894 2797 Praetoris
905 2731 979 2796 dies
991 2728 1120 2795 XXX.

64 2873 248 2941 «possesso
269 2872 340 2919 noo
360 2846 474 2919 steret.''

121 2975 174 3040 Ea
196 2975 379 3059 sponsione
401 2977 576 3039 contracta
597 2970 774 3055 Quinctius
794 2972 944 3037 editurus
958 2976 1032 3037 erat
1047 2973 1121 3036 ior·

66 3097 189 3181 aulam,
205 3114 271 3182 qua
284 3094 475 3160 intenderet
486 3096 678 3179 sponsionis
688 3114 843 3159 summam
855 3096 916 3159 sibi
933 3095 1004 3158 duri
1017 3112 1121 3178 opor·

67 3226 151 3302 tere,
172 3234 240 3303 qua
265 3216 407 3282 formula
432 3218 583 3282 uicturus
604 3219 695 3298 erat,
718 3218 745 3280 si
771 3215 869 3281 iudici
892 3217 1127 3301 probauisset,

69 3338 150 3403 tona
170 3357 233 3403 sua
262 3355 304 3402 ex
333 3335 455 3403 Edicto
484 3336 521 3402 P.
542 3336 697 3403 Burrieni
720 3335 891 3402 Praetoris
916 3336 988 3402 dies
1008 3334 1123 3402 XXX.

72 3478 223 3542 possessa
237 3479 303 3525 non
321 3478 409 3524 esse.

127 3582 176 3646 At
197 3584 282 3646 enim
300 3582 485 3666 quaeritur,
498 3577 724 3646 satisdandum
736 3579 864 3644 Naeuio
879 3579 923 3643 sit
934 3599 955 3644 a
966 3577 1122 3660 Quinctio

75 3721 180 3768 neerie.
224 3700 311 3784 Quid
332 3701 376 3767 ad
398 3701 484 3768 hane
505 3720 573 3766 rem
597 3720 639 3765 ex
661 3702 718 3764 ilio
740 3693 903 3766 decreto?
1126 3675 1128 3679 .

131 3824 167 3887 td
202 3843 283 3888 uero
316 3825 370 3887 nel
401 3842 463 3887 sua
490 3827 611 3907 sponte
640 3822 833 3906 apparebit,
863 3842 959 3906 ‹puum
988 3823 1123 3906 primum

78 3944 227 4030 reliquaS,
251 3964 334 4030 quas
355 3946 539 4029 posuimus,
562 3944 647 4009 duaa
669 3945 883 4028 quaestiones
907 3944 1124 4032 attigerimus.

132 4064 216 4146 Quid
248 4069 352 4155 igitur
385 4067 440 4140 tea
466 4068 575 4132 attera
601 4063 666 4138 est)
693 4070 809 4151 potuit
836 4064 979 4131 Praetor
1005 4064 1047 4130 de
1069 4066 1122 4129 iiio
1143 4065 1291 4162 ..‘f'⁵⁴v''.⁰.‘.“222

82 4186 249 4253 satisdandi
272 4189 504 4254 controuersia
526 4180 734 4256 decerneret
1144 4181 1192 4221 Μ
1192 4192 1257 4220 ¹¹¹¹¹
