3114 5046
344 371 405 435 ³86
446 367 540 469 Gap.
559 370 593 442 1.
649 367 707 441 De
734 371 817 441 iure
845 390 1006 441 ouussue
1035 365 1307 443 cousinianae.

176 583 258 679 {313⁸
243 582 325 679 .0‘b'.'.⁵'
344 570 447 636 iundo
470 573 576 654 esset,
598 588 640 632 au
662 565 905 653 prohiberetur
926 585 1023 651 quum
1047 585 1086 631 eo
1110 568 1215 633 uellet
1237 568 1412 637 accedere.

343 693 460 777 Neque
489 690 601 771 ualde,
639 692 738 775 puto,
775 692 851 774 post
881 691 1097 754 constitutum
1130 690 1239 755 deut
1268 697 1411 757 armatu

343 832 463 877 nouum
494 811 558 877 boo
586 810 815 891 interdictum,
845 808 887 875 de
909 828 968 896 eo,
1001 815 1157 894 quiante
1189 811 1410 878 detectionem

344 935 543 999 naturaliter
566 930 701 997 tandum
724 933 907 1012 tenuisset,
928 932 1176 1020 ambigebatur,
1206 937 1287 1019 quin
1309 937 1412 1001 resti-

344 1055 488 1121 tuendus
510 1058 621 1137 esset,
642 1056 714 1119 siue
736 1057 867 1119 ciectus
888 1055 989 1117 armis
1010 1055 1083 1119 siue
1104 1053 1316 1140 prohibitus.

406 1177 454 1241 At
490 1178 522 1240 in
556 1178 715 1257 caeteris,
749 1177 803 1259 qui
843 1193 902 1258 pro
939 1174 1206 1258 supradictorum
1247 1177 1411 1266 graduu-

344 1299 599 1387 progressione,
638 1299 827 1381 priusquam
850 1298 914 1359 uim
937 1301 1151 1382 paterentur,
1186 1301 1293 1386 iaris,
1329 1318 1412 1383 pos·

343 1425 525 1507 sessionis,
559 1420 769 1484 detentionis
803 1436 864 1482 seu
895 1410 983 1503 quod
1016 1437 1127 1482 earum
1161 1437 1273 1484 rerum
1307 1420 1412 1484 simile

344 1545 452 1623 esset,
484 1546 543 1606 aut
576 1543 738 1606 minimum
770 1543 827 1604 aut
861 1537 946 1604 adeo
979 1538 1060 1604 nihii
1083 1539 1290 1623 habuerant,
1324 1539 1410 1627 quod

344 1666 474 1728 ratione
497 1664 628 1747 concipi
651 1680 692 1727 ao
714 1664 817 1728 certis
839 1662 952 1726 uerbis
980 1660 1123 1727 describi
1151 1667 1245 1728 recte
1277 1666 1411 1747 posset,

344 1790 423 1850 tunc
448 1785 599 1870 proiecto
623 1786 778 1870 primunr,
802 1801 941 1848 necesse
963 1786 1033 1869 est,
1069 1765 1271 1848 restituendi
1293 1785 1409 1849 iusta·

344 1927 466 1972 moram
489 1925 529 1972 ac
551 1908 746 1994 religionem
771 1907 923 1969 iniectam
947 1922 1023 1969 esse
1046 1904 1289 1987 iudicantibus,
1316 1924 1408 1990 quum

344 2031 390 2094 ita
422 2031 486 2092 uim
514 2030 605 2114 passi
636 2033 767 2109 essent,
804 2031 840 2089 ut
869 2044 910 2089 ne
940 2023 1028 2107 quod
1061 2025 1141 2090 facti
1165 2030 1258 2090 esset
1281 2026 1408 2112 quiden

344 2152 535 2236 quicquam,
565 2148 651 2234 quod
675 2150 755 2211 tunc
779 2146 989 2231 habuissent,
1022 2147 1233 2232 amitterent,
1264 2146 1325 2212 sed
1348 2166 1407 2234 quo

343 2269 506 2337 accedere
528 2269 656 2334 demum
678 2269 821 2352 uellent,
859 2286 899 2332 eo
927 2286 995 2332 non
1024 2266 1300 2358 admitterentur,
1336 2286 1406 2352 seu,

344 2390 432 2478 quod
459 2389 653 2456 tantundem
682 2391 789 2476 ualet,
827 2394 864 2453 ui
895 2410 961 2454 non
992 2391 1192 2455 eiicerentur
1225 2389 1322 2477 inde,
1356 2389 1405 2454 ubi

344 2520 480 2600 essent,
512 2512 572 2578 sed
607 2512 864 2597 prohiberentur
895 2516 1021 2576 tantum
1057 2511 1152 2595 inde,
1191 2531 1257 2596 quo
1288 2513 1403 2578 uellent

343 2635 516 2702 accedere.

406 2758 481 2823 Hoc
504 2758 578 2822 loco
603 2759 738 2840 primurn
763 2758 955 2840 peritiores,
989 2762 1024 2818 ut
1054 2757 1190 2840 opinor,
1222 2772 1400 2840 perspexe-

267 2902 271 2908 ·
342 2884 435 2961 runi,
467 2882 495 2942 si
526 2884 588 2942 uim
619 2882 776 2942 armatam
801 2881 973 2962 oporteret
996 2875 1176 2942 interdicto
1199 2877 1398 2942 restitutorio

342 3004 507 3082 coerceri,
535 3019 649 3084 parurn
672 3000 876 3063 conueniens
899 3016 992 3082 esse,
1021 3017 1112 3062 arma
1133 2999 1241 3062 solum
1276 3018 1318 3065 ao
1346 3014 1397 3081 pe·

341 3123 467 3189 culiare
502 3124 682 3186 uiolentiae
709 3139 819 3209 genus
849 3126 882 3185 et
912 3119 1048 3208 figuram
1078 3123 1261 3205 spectare;
1299 3123 1396 3198 immo,

342 3246 396 3312 ubi
419 3246 462 3309 de
483 3243 699 3308 restituendo
722 3245 854 3329 agitur,
888 3242 985 3307 etiam
1015 3239 1092 3324 quid
1119 3245 1201 3305 ante
1223 3245 1323 3308 actor
1340 3238 1394 3304 bo·

341 3366 471 3452 buerit,
509 3362 586 3448 quid
617 3382 676 3446 per
704 3364 793 3427 iiiam
816 3363 880 3425 uim
903 3366 1079 3448 tumuerit,
1113 3361 1193 3447 quid
1216 3360 1393 3428 restitutit

340 3504 480 3570 aequum
502 3486 562 3567 sii,
585 3483 789 3548 considerari
806 3488 980 3568 oportere:
1003 3481 1120 3568 quodsi
1143 3484 1308 3549 eiusmodi
1329 3476 1391 3546 nibli

341 3608 560 3691 inueniretur,
598 3608 657 3670 aui
678 3607 763 3670 satis
785 3609 867 3671 certi
896 3609 930 3670 et
958 3607 992 3669 in
1014 3606 1085 3669 iure
1107 3608 1284 3691 conspicui
1311 3599 1389 3675 nibil,

340 3732 421 3794 tune
443 3746 524 3793 uero
552 3729 750 3793 ratissimum
780 3745 872 3810 esse,
905 3742 1054 3808 poertam
1080 3725 1219 3811 publice
1249 3731 1386 3814 extum,

340 3851 565 3916 interdictum
586 3853 858 3936 restitutorium,
888 3866 953 3936 quo
974 3851 1140 3933 priuatus
1167 3851 1385 3935 experiretur,

339 3990 483 4057 proruis
505 3976 649 4037 missum
667 3968 798 4055 fucere.

172 4104 325 4205 {mium
407 4091 498 4157 'l'alis
519 4097 645 4177 autem,
678 4096 715 4155 ut
738 4093 873 4187 opinor,
901 4109 1022 4157 caussa
1045 4090 1127 4178 init,
1149 4111 1211 4158 cur
1234 4112 1299 4156 non
1319 4084 1381 4152 iao

343 4216 451 4295 solua,
475 4233 572 4297 quum
587 4211 731 4279 Aebutii
752 4230 904 4277 caussam
927 4217 1046 4279 contra
1063 4207 1260 4281 Caecinam
1272 4206 1378 4301 agerii,
