3114 5046
324 390 385 452 ¹94
453 385 548 488 Gap.
571 388 606 461 Ι.
659 384 720 461 Be
737 389 823 461 iore
844 407 1005 461 ensesue
1028 383 1294 474 Quinctianae.

170 587 303 685 ἄζῃ
323 576 412 664 quod
439 582 550 644 autem
578 576 702 643 adleolt
729 575 859 642 'lollius
890 594 962 641 sex
988 573 1164 658 Edtotw,
1196 593 1266 641 non
1287 596 1332 643 nu

169 700 275 743 “m
323 698 446 765 diuersi
468 698 548 764 nihil
570 697 710 780 indicet,
731 716 845 762 uerum
867 699 966 762 etiam
988 716 1049 783 pro
1073 699 1235 764 communi
1254 698 1332 766 habs

322 820 397 885 dum
419 818 570 905 adeoque
594 818 637 884 ad
660 821 780 883 tertiae
803 819 911 903 partis
931 823 1162 907 argumentum
1185 811 1281 900 (stou
1298 840 1332 907 p«

321 933 496 1031 sedisse),
531 943 680 1026 quamuis
703 939 877 1006 deliciante
898 941 1021 1024 uerbo,
1042 943 1252 1031 cogitatione
1272 944 1332 1008 tou

321 1061 506 1128 iterandum
526 1061 812 1146 supplendumque
832 1064 886 1127 sit.
928 1060 1016 1144 Quid
1039 1054 1169 1128 mulla?
1190 1062 1243 1129 lus
1262 1081 1332 1131 suu

322 1186 414 1251 rlbus
436 1180 576 1269 Cicero,
598 1182 772 1248 dummodo
795 1185 927 1268 planius
948 1186 1142 1271 aptiusque,
1166 1183 1254 1269 quod
1277 1204 1332 1252 sen

321 1310 390 1388 ret,
422 1306 532 1391 eloqui
560 1306 741 1387 uoluisset,
769 1304 819 1371 sic
846 1309 1019 1391 utramque
1046 1309 1175 1392 partem
1204 1304 1330 1374 distino

320 1446 380 1493 rus
402 1427 539 1492 fuisset:

387 1585 536 1652 ’detrrde
565 1575 788 1668 (ostendam)
817 1604 864 1651 eu
891 1583 1022 1652 Edtoto
1048 1591 1085 1652 te
1112 1586 1332 1667 possideres

387 1713 583 1796 «potuisse,

386 1860 398 1891 ι
408 1835 599 1919 postremo,
622 1849 669 1895 ea
689 1828 821 1895 Edicto
842 1849 913 1896 nou
932 1830 1156 1916 possedisse·

383 1948 445 2019 Cui
467 1953 588 2018 rationi
611 1954 871 2019 consentaneum
894 1953 962 2036 est,
984 1948 1072 2035 quod
1094 1949 1233 2018 Κακίας
1256 1946 1332 2017 stat

320 2077 464 2139 tertiam
485 2078 625 2159 purtem
646 2074 701 2138 uel
722 2075 827 2156 ipsam
849 2090 926 2137 esse
954 2071 1179 2161 bipartitum,
1215 2074 1254 2137 ut
1280 2075 1332 2159 prl

320 2193 498 2275 doceatur,
525 2213 571 2258 eor
594 2191 724 2259 Edicto
745 2193 907 2259 Naeuium
930 2211 998 2257 non
1021 2191 1232 2278 possedisse,
1263 2192 1332 2260 deir

320 2318 475 2400 omrstno,
497 2311 531 2378 ld
554 2317 608 2379 est
626 2311 726 2398 facto
747 2332 815 2378 non
838 2306 1086 2399 possedisse⁵³).

382 2435 470 2501 Mihi
491 2452 590 2520 uero,
618 2438 656 2499 ut
677 2453 789 2500 uerum
818 2435 930 2501 fatear
937 2482 948 2520 ,
979 2437 1085 2501 omnis
1107 2434 1191 2502 haec
1213 2435 1332 2523 interp]

320 2558 404 2622 totio
432 2554 641 2621 subabsurda
670 2556 811 2622 uidetur.
868 2556 969 2644 Nam,
991 2560 1029 2621 ut
1050 2575 1072 2622 a
1091 2575 1132 2622 re
1153 2560 1269 2642 potius
1291 2578 1332 2645 qu

320 2696 341 2744 u
369 2678 481 2744 uerbis
508 2679 683 2764 incipiam,
715 2677 794 2763 quid
822 2679 879 2743 illo
904 2678 1017 2746 iudicii
1040 2681 1190 2764 tempore
1212 2680 1332 2746 interis

319 2818 389 2865 uon
410 2805 584 2885 potuisset
603 2799 781 2887 possidere
804 2817 848 2863 an
870 2819 940 2865 arou
960 2802 1174 2888 possedisset
1196 2820 1241 2866 ex
1263 2801 1331 2868 Edi

319 2912 496 2987 Naeuius?
529 2938 614 3007 quae
636 2923 732 2986 tanta
753 2919 831 2985 inde
853 2920 896 2986 ad
918 2939 1070 2988 caussam
1093 2922 1332 3010 cognoscenda

320 3060 405 3128 quae
427 3039 471 3106 ad
493 3041 740 3126 percipiendam
769 3033 1012 3129 tenendamque
1040 3044 1271 3111 defensionem
1293 3050 1331 3111 ut

320 3169 374 3230 tas
406 3155 466 3244 (at
488 3181 527 3228 ea
550 3167 659 3229 tamen
688 3165 723 3228 ln
745 3165 982 3248 partitionibus
1008 3165 1223 3231 instituendis
1246 3168 1332 3233 urard

319 3275 581 3373 spectatur⁵⁴‘),
611 3286 649 3348 ut
670 3283 713 3349 ad
742 3285 830 3349 illanu
860 3285 1105 3352 distinctionem
1128 3289 1288 3354 uniuersa
1315 3288 1332 3354 fi

321 3405 525 3471 confirmatio
561 3398 807 3494 digereretur?
842 3405 986 3474 Adeone
1026 3407 1170 3474 diuersis
1209 3428 1332 3477 momen

320 3530 493 3610 cernetur,
526 3544 569 3591 ex
590 3525 722 3592 Edicto*
734 3534 842 3591 utrum
863 3533 1021 3614 potuerit
1040 3530 1213 3616 possideri
1235 3550 1280 3597 an
1301 3551 1332 3619 pi

354 3754 400 3822 53)
420 3759 477 3809 Illis
495 3759 551 3810 lere
570 3759 662 3809 uerbis
676 3758 707 3808 V.
720 3757 753 3809 Ι).
767 3758 822 3808 uti·
879 3764 943 3808 noto
964 3761 1067 3822 quidem
1082 3761 1232 3824 possedisse
1245 3764 1289 3814 uel
1298 3777 1332 3827 po

320 3852 364 3896 tur
402 3848 429 3896 in
465 3848 671 3899 confirmatione
706 3847 821 3897 oratoris
878 3847 958 3898 «dare
977 3854 1103 3899 cononnn
1121 3863 1176 3899 esse
1199 3851 1290 3906 douo,
1322 3865 1332 3916 q

320 3936 525 3996 adumbrsnda,
546 3952 572 4000 p.
586 3937 629 3987 32.
650 3936 743 3986 Partes
755 3949 821 3985 uero
878 3949 964 3985 orum
989 3939 1123 3998 possessio
1152 3940 1212 4003 ipso
1243 3942 1303 3993 turs
1328 3959 1332 3992 ι

321 4026 393 4087 ipsas
411 4025 450 4074 sio
466 4031 615 4088 nuncupat,
635 4040 662 4088 p.
680 4024 725 4074 29.
745 4037 819 4087 seq:
878 4025 1010 4075 «nolio»

321 4113 380 4162 «ΙΙ.
407 4113 467 4164 lure
487 4115 618 4163 nominem
642 4114 750 4162 omuino
773 4125 822 4174 po-
911 4113 955 4170 54)
974 4114 1135 4176 Quintiliani
1164 4116 1187 4165 1.
1206 4116 1241 4168 0.
1268 4118 1323 4181 IV,

322 4203 476 4251 «trassero
490 4201 586 4251 Edicto
608 4202 678 4250 bosso
702 4200 821 4262 Quinctii
876 4202 921 4253 25.
942 4217 1018 4267 seqq.

321 4290 483 4350 «possidere.
521 4289 570 4340 111.
590 4288 718 4339 Naeuium
735 4301 768 4336 ne
779 4286 820 4349 iu·
