3114 5046
322 370 385 432 20⁰
495 367 589 470 Cup.
616 369 675 442 ΙΙ.
730 367 788 441 Do
816 372 1005 443 commoto
1036 369 1205 441 iectionis

201 573 302 614 eom
323 559 450 623 etiamsi
465 556 559 623 XVI.
580 560 643 623 iam
666 559 801 623 saeeuio
824 558 894 622 noti
917 558 1082 636 tuissent,
1103 524 1222 622 sedulo
1246 558 1387 640 conspi-

323 698 451 767 cuoque
471 698 603 764 semper
625 697 698 745 cum
718 679 829 744 fructu
852 697 1048 758 reuocasse,
1071 678 1148 743 mibi
1165 698 1298 765 quoque
1315 680 1388 763 pri-

321 821 406 866 mum
427 802 508 886 fuit,
530 805 567 865 ut
589 799 746 885 Codices,
768 801 802 863 in
823 800 888 866 bac
910 802 1061 865 oratione
1072 850 1083 887 ,
1106 801 1134 865 si
1157 802 1191 864 in
1213 801 1279 866 aiia
1301 801 1387 883 ulia,

321 925 452 989 nimium
481 922 538 987 diu
563 915 787 1011 neglectos¹],
814 920 1025 1007 indagarem,
1058 924 1093 986 ei
1115 939 1386 1011 quorumcunque

321 1047 421 1129 copia
442 1045 523 1130 fuit,
557 1046 698 1132 impigre
720 1047 921 1108 excuterem.
982 1040 1057 1124 Qua
1078 1044 1113 1108 in
1134 1061 1172 1107 re
1194 1062 1237 1107 ne
1259 1060 1386 1108 recen-

322 1168 428 1231 tiores
453 1138 601 1252 quidem,
627 1165 723 1229 XIV.
745 1168 846 1250 atquo
868 1163 944 1229 XV.
965 1165 1091 1229 saeculi
1112 1163 1288 1247 uidelicet,
1311 1163 1387 1227 dum

322 1289 476 1353 meliores
498 1288 715 1368 inuenissem,
750 1284 980 1372 fastidiebam,
1001 1286 1107 1370 probe
1128 1304 1267 1374 memor,
1292 1284 1386 1350 cele-

323 1410 484 1474 berrimos
505 1409 582 1473 ilios
603 1408 728 1474 saeculi
751 1405 844 1474 XVI.
858 1407 1018 1472 Editores
1040 1410 1075 1472 et
1092 1405 1249 1490 criticos,
1273 1409 1309 1470 ei
1331 1410 1385 1491 qui

323 1532 473 1615 proxime
495 1530 560 1594 bos
580 1533 803 1616 exceperunt,
825 1548 922 1615 quum
945 1532 1138 1594 contextum
1159 1528 1266 1613 iilum,
1290 1548 1385 1614 quem

324 1651 479 1733 traditum
500 1652 710 1740 accepimus,
733 1652 994 1737 constituerent,
1016 1648 1131 1716 iisdem
1152 1649 1225 1715 fere
1248 1650 1386 1716 Codici-

323 1774 385 1839 bus
406 1773 608 1839 similibusue
636 1793 717 1838 usos
750 1791 840 1858 esse,
875 1774 924 1838 ita
950 1775 1061 1839 tamen
1093 1792 1192 1855 usos,
1228 1775 1385 1858 utquam

322 1895 367 1961 ibi
388 1893 564 1960 uerborum
586 1895 761 1982 imaginem
784 1893 991 1979 hausissent,
1019 1912 1091 1959 eam
1114 1893 1304 1959 eruditione
1324 1912 1386 1958 sua

322 2034 497 2102 rerumque
519 2017 713 2105 cognitione
735 2013 967 2102 emendarent,
996 2016 1174 2082 reiicereni
1196 2017 1300 2099 atque
1322 2033 1386 2080 ex-

324 2139 483 2203 colerent.
541 2134 628 2218 Quid
656 2128 786 2224 igitur?
825 2137 946 2202 Nonne
975 2135 1007 2201 id
1042 2139 1149 2221 ipsum
1183 2156 1271 2221 opus
1302 2136 1385 2204 baec

324 2261 420 2323 aetas
441 2261 575 2342 nostra,
600 2259 658 2321 uix
686 2259 865 2323 maioribus
895 2258 1024 2343 quidem
1051 2260 1149 2324 animi
1170 2259 1317 2345 uiribus,
1350 2261 1386 2324 at

324 2382 422 2445 nouis
453 2377 646 2464 quibusdam
674 2378 831 2445 subsidiis
862 2382 1048 2464 instructa,
1069 2379 1292 2445 retexendum
1323 2381 1386 2446 sibi

325 2493 525 2585 proposuit?
550 2499 647 2581 Quod
669 2505 706 2565 ut
729 2520 890 2586 prospere
913 2501 1096 2585 procedere
1118 2504 1247 2586 possit,
1270 2503 1386 2587 impri-

324 2624 385 2687 mis
413 2622 488 2687 mibi
518 2621 688 2687 sciendum
711 2641 786 2688 esse
808 2622 954 2704 uidetur,
985 2623 1063 2707 quid
1084 2625 1167 2707 ipsis
1188 2619 1386 2706 Codicibus,

324 2745 402 2831 quid
424 2747 543 2810 contra
564 2745 692 2809 iliorum
722 2746 867 2809 uirorum
890 2746 1092 2811 coniecturis
1113 2744 1304 2830 iudicioque
1325 2765 1385 2812 ac·

323 2870 456 2951 ceptum
483 2869 528 2931 sii
561 2866 743 2932 terendum.
801 2867 842 2931 Id
875 2885 955 2931 nero
987 2869 1051 2930 nisi
1087 2865 1267 2932 Codicibus
1305 2869 1387 2952 ipsis

323 2987 433 3053 denuo
455 2989 618 3073 inspectis
646 2991 730 3052 satis
751 2990 829 3054 sciri
851 3008 918 3052 non
942 3006 1062 3072 posse,
1087 3007 1168 3052 usus
1190 3008 1241 3053 me
1264 2988 1386 3054 docuit.

323 3104 394 3175 Sed
427 3109 504 3194 quid
528 3129 613 3193 opus
634 3115 686 3173 est
709 3102 832 3194 piurai
868 3112 938 3175 Iam
962 3113 1047 3174 enim
1069 3127 1126 3175 res
1146 3112 1223 3193 ipsa
1243 3114 1386 3176 senten-

324 3233 401 3296 tiam
425 3232 572 3295 nostram
593 3229 787 3296 declarabit.

275 3461 304 3489 a
386 3426 597 3494 Bibliotheca
618 3428 713 3516 regia
736 3426 936 3495 Parisiensis
961 3422 1103 3497 Codices
1123 3431 1385 3516 manuscriptos,

324 3548 442 3632 quibus
465 3551 572 3613 oratio
594 3569 658 3636 pro
681 3547 723 3614 P.
747 3547 909 3631 Quiroctio
932 3553 1037 3636 inest,
1074 3549 1175 3616 habet
1198 3552 1384 3632 tredecim,

324 3691 459 3754 quorum
483 3690 563 3737 ecce
584 3673 642 3738 iibi
669 3670 819 3737 indicem.

387 3830 417 3876 a.
438 3810 554 3877 Codex
569 3810 781 3895 chartaceus,
804 3814 938 3880 saeculo
955 3811 1031 3877 XV.
1054 3816 1229 3898 exaratus,
1249 3815 1381 3899 primum

359 4125 386 4189 i)
407 4127 511 4176 Vidosis
531 4141 600 4190 quac
619 4128 777 4176 niebuhrius
791 4128 823 4177 dc
882 4131 1005 4179 Rbonono
1021 4127 1145 4193 (Bonane
1159 4128 1251 4195 1827.)
1274 4132 1341 4182 Tom.
1353 4127 1436 4185 Ιχ

323 4217 374 4265 bac
404 4217 527 4267 oratione
554 4217 645 4266 statuit
679 4218 706 4266 in
730 4217 823 4267 dinseo
877 4232 906 4279 p.
927 4219 988 4269 223.

422 4582 425 4587 .
510 4582 518 4589 ι.

575 4636 580 4643 ι

359 4654 362 4659 .
372 4650 377 4659 ι
