3114 5046
346 334 385 411 ς.
410 323 450 397 4
505 320 674 401 Coccina
702 324 963 424 possederit
942 348 1068 400 necne.
1170 328 1235 391 ³⁶⁹

176 524 316 591 nitorem
337 523 524 591 obsoletum
544 526 703 610 antiquae
723 525 812 613 legis
831 525 993 612 actionis,
1014 525 1044 590 si
1066 525 1307 643 postulo-w
1268 535 1367 577 ΒΜ·

175 663 241 711 rem
264 647 338 711 eius
352 654 481 731 partem
503 646 580 711 iude
601 664 624 712 a
645 644 799 712 uindiciis
812 645 912 713 dictis
930 648 1138 731 respexeris:
1160 646 1236 715 dico
1255 604 1386 692 ΜΨ

174 770 371 852 woruioettr
392 785 465 833 cum
491 773 730 855 romamcuto,
764 770 831 832 tum
852 768 1055 835 soiiodartdi
1082 769 1238 834 similitu-

174 886 293 953 dinem.
466 932 472 944 ·

234 1006 309 1077 Sed
330 1009 408 1095 quid
430 1009 473 1077 de
495 1010 598 1095 priori
625 1015 722 1094 parte
744 1015 824 1078 tunc
845 1015 955 1078 actum
977 1013 1051 1098 est,
1083 1011 1240 1080 uidelicet

175 1132 215 1197 de
235 1151 348 1198 moero
367 1134 581 1199 coeuercrrdo
598 1150 639 1199 ac
660 1132 702 1198 de
724 1132 889 1199 admetto
902 1152 925 1200 a
939 1131 1103 1199 Praetore
1117 1133 1240 1200 diceet·

174 1249 260 1318 die?
296 1253 436 1321 llaecue
459 1255 568 1319 omnia
589 1257 730 1339 repente
751 1254 884 1320 abiecta
905 1255 1139 1341 exstinctaque
1160 1257 1240 1320 sunt

175 1393 215 1441 ue
236 1376 385 1461 uestigio
408 1375 539 1460 quidem
561 1367 714 1442 relicto‘i

234 1495 313 1562 Non
335 1497 475 1583 opinor3
516 1499 612 1561 immo
644 1496 708 1563 inde
738 1517 869 1584 quoque
891 1499 987 1581 loco,
1020 1497 1069 1561 uti
1091 1515 1163 1562 mos
1188 1501 1240 1562 cai

174 1615 349 1698 liemcule,
383 1617 508 1707 agendi
529 1621 692 1683 rationem
715 1621 762 1684 ita
783 1620 1012 1702 uocauerunt,
1044 1623 1081 1683 ut
1112 1619 1241 1684 ueteris

175 1744 284 1805 umen
307 1740 450 1804 instituti
471 1741 631 1825 reliquias
657 1741 784 1825 aliquot
812 1744 846 1805 et
868 1741 964 1825 quasi
985 1740 1132 1805 umbram
1153 1758 1240 1807 con-

175 1864 360 1926 mouerent.

234 1979 325 2063 Quid
347 2000 432 2070 ergo
453 1975 534 2048 est‘i
570 1980 645 2065 Quo
668 1983 850 2068 simplicior
870 1986 963 2048 esset
984 2000 1025 2049 ec
1046 1983 1155 2047 miuus
1174 1982 1240 2045 lm-

175 2102 288 2188 pedita
301 2105 489 2169 solennitas
511 2106 544 2168 iu
567 2106 639 2169 lure
653 2102 872 2188 celebranda,
895 2102 1106 2190 Praetorem,
1128 2103 1239 2188 quoad

174 2223 241 2291 leri
272 2228 411 2312 posset,
444 2226 488 2291 ab
514 2226 581 2291 iilis
606 2228 708 2291 rebus
735 2244 857 2292 uacare
885 2227 1080 2307 uoluerunt,
1115 2242 1239 2312 enque

174 2348 327 2430 priuatae
347 2348 552 2435 litigatorum
575 2365 676 2413 curae
698 2345 992 2412 demandaueruut.

233 2467 352 2553 Atque
374 2468 474 2533 telem
497 2472 578 2552 puto
600 2469 819 2533 deductionis
838 2469 928 2534 iilius
948 2471 981 2534 iu
1005 2471 1120 2539 tundis
1140 2471 1238 2539 aedi-

174 2588 279 2654 itusue
299 2588 511 2655 uindicaudis
530 2590 692 2676 originem
709 2589 831 2654 fuisse:
854 2608 955 2675 quae,
980 2594 1056 2678 quia
1073 2594 1237 2659 homiuum

175 2713 281 2800 magis
301 2709 544 2777 cousuetudine
566 2729 663 2796 quam
685 2711 763 2798 lege
785 2711 897 2797 aliqua
919 2713 1073 2798 inuoluit,
1095 2716 1240 2781 moribus

175 2831 241 2896 deri
271 2830 446 2898 dicebatur
457 2825 505 2911 ⁶⁵).
560 2831 692 2897 Etenim
721 2833 776 2917 qui
802 2831 846 2896 ad
876 2851 992 2899 manus
1013 2833 1240 2901 conserendas

175 2954 314 3019 inuicem
336 2970 413 3017 sese
434 2957 724 3039 prouocauerant,
746 2952 866 3019 deinde
890 2973 1017 3019 omnem
1039 2957 1120 3038 uim,
1143 2974 1239 3040 quam

175 3074 312 3139 donem
341 3078 378 3138 ct
402 3071 636 3158 [cataractam
664 3069 801 3141 Gellius
831 3073 928 3157 dicit,
964 3094 1008 3140 ex
1034 3081 1150 3142 uetere
1171 3078 1239 3142 ritu

175 3212 244 3259 eum
266 3195 463 3260 solennibus
484 3195 596 3260 uerbis
612 3200 830 3283 peregerant,
851 3194 1079 3281 uindiciasque
1093 3214 1114 3261 a
1129 3197 1239 3263 Prae-

175 3319 246 3381 tore
275 3314 386 3382 dictas
416 3318 638 3401 acceperant,
675 3315 752 3400 quid
781 3321 929 3386 assecuti
950 3310 1075 3384 eraut‘i
1111 3318 1238 3404 Nempe

207 3638 250 3704 ⁶5)
280 3638 472 3703 Praeterquam
499 3642 526 3690 in
556 3642 676 3691 oratione
734 3646 802 3690 «aut
820 3643 878 3702 ipse
894 3641 1012 3692 Tullium
1030 3643 1176 3696 deduceret
1188 3653 1236 3696 aut

167 3741 222 3788 pro
242 3729 355 3779 Caecina
375 3725 432 3792 (ubi
447 3728 510 3779 uide
527 3740 549 3778 c.
562 3730 589 3777 1.
602 3728 630 3777 ’1.
647 3727 674 3777 8.
734 3728 790 3778 «ab
813 3742 845 3779 eo
867 3729 1055 3782 deduceretur.
1095 3733 1168 3784 llicit
1192 3736 1235 3785 de-

173 3817 217 3865 1⁰.
237 3818 281 3866 11.
298 3817 343 3867 iu.
364 3814 421 3880 ³2.)
448 3817 530 3867 semei
552 3821 674 3875 mutum,
734 3816 899 3866 educturum
922 3832 949 3868 re
972 3818 1091 3880 Tullium,
1115 3824 1236 3874 uadimo-

174 3905 247 3966 quod
275 3908 375 3962 eciam,
404 3905 482 3956 huius
509 3905 676 3957 deductionis
733 3906 829 3953 ouium
856 3905 938 3957 Fabio
960 3906 1071 3958 liomem
1093 3914 1236 3973 promissu-

173 3997 273 4044 meutio
300 3997 434 4054 occurrit,
467 3994 595 4046 uidelicet
622 4007 675 4056 pro
733 4006 825 4042 «rum.
861 3994 954 4047 lleuet
974 3999 1001 4046 in
1022 4011 1054 4049 ee
1077 4000 1235 4052 condicione

180 4079 261 4132 Tullio
275 4096 300 4133 c.
313 4084 357 4132 2⁰.
368 4093 401 4142 ν,
439 4081 502 4131 «Au
514 4083 605 4134 uillam
617 4089 675 4135 eret
731 4081 873 4132 «Fabius»
892 4083 939 4134 rei.
961 4084 1011 4137 Vir
1022 4086 1143 4139 dubitare
1158 4088 1236 4151 licet,

180 4167 308 4221 '‘Tullius.
345 4170 470 4234 Appellat
498 4172 613 4232 Fabius,
644 4178 675 4221 ut
730 4173 794 4234 quin
811 4170 911 4221 Tulliae
924 4170 1035 4225 lundum
1049 4176 1207 4237 possederit.

239 4286 457 4333 &umnam
1007 4263 1049 4323 24
