<?xml version="1.0" encoding="UTF-8"?>
<!DOCTYPE html PUBLIC "-//W3C//DTD XHTML 1.0 Transitional//EN"
    "http://www.w3.org/TR/xhtml1/DTD/xhtml1-transitional.dtd">
<html xmlns="http://www.w3.org/1999/xhtml" xml:lang="en" lang="en">
 <head>
  <title>
</title>
<meta http-equiv="Content-Type" content="text/html;charset=utf-8" />
  <meta name='ocr-system' content='tesseract 3.04.00' />
  <meta name='ocr-capabilities' content='ocr_page ocr_carea ocr_par ocr_line ocrx_word'/>
</head>
<body>
  <div class='ocr_page' id='page_1' title='image "./semestriumadmtu00kellgoog_0190.png"; bbox 0 0 3114 5046; ppageno 0'>
   <div class='ocr_carea' id='block_1_1' title="bbox 340 377 1308 479">
    <p class='ocr_par' dir='ltr' id='par_1_1' title="bbox 340 377 1308 479">
     <span class='ocr_line' id='line_1_1' title="bbox 340 377 1308 479; baseline 0.005 -27"><span class='ocrx_word' id='word_1_1' title='bbox 340 380 401 442; x_wconf 78' lang='grc'><strong>164</strong></span> <span class='ocrx_word' id='word_1_2' title='bbox 446 377 539 479; x_wconf 77' lang='lat' dir='ltr'><strong>cop.</strong></span> <span class='ocrx_word' id='word_1_3' title='bbox 567 378 602 453; x_wconf 87' lang='lat'><strong>1.</strong></span> <span class='ocrx_word' id='word_1_4' title='bbox 655 377 716 452; x_wconf 86' lang='lat' dir='ltr'><strong>De</strong></span> <span class='ocrx_word' id='word_1_5' title='bbox 741 382 826 452; x_wconf 85' lang='lat' dir='ltr'><strong>iure</strong></span> <span class='ocrx_word' id='word_1_6' title='bbox 853 402 1013 453; x_wconf 85' lang='lat' dir='ltr'><strong>euuesue</strong></span> <span class='ocrx_word' id='word_1_7' title='bbox 1042 377 1308 465; x_wconf 74' lang='lat' dir='ltr'><strong><em>Quinetiam.</em></strong></span> 
     </span>
    </p>
   </div>
   <div class='ocr_carea' id='block_1_2' title="bbox 183 567 1396 655">
    <p class='ocr_par' dir='ltr' id='par_1_2' title="bbox 183 567 1396 655">
     <span class='ocr_line' id='line_1_2' title="bbox 183 567 1396 655; baseline 0.003 -24"><span class='ocrx_word' id='word_1_8' title='bbox 183 581 303 622; x_wconf 65' lang='lat' dir='ltr'><strong>renna</strong></span> <span class='ocrx_word' id='word_1_9' title='bbox 338 571 565 653; x_wconf 76' lang='lat' dir='ltr'><strong>procuratoris</strong></span> <span class='ocrx_word' id='word_1_10' title='bbox 587 571 620 631; x_wconf 88' lang='lat' dir='ltr'><strong>ut</strong></span> <span class='ocrx_word' id='word_1_11' title='bbox 643 573 676 633; x_wconf 87' lang='lat' dir='ltr'><strong>et</strong></span> <span class='ocrx_word' id='word_1_12' title='bbox 698 571 827 655; x_wconf 83' lang='lat' dir='ltr'><strong>gratia,</strong></span> <span class='ocrx_word' id='word_1_13' title='bbox 848 567 898 632; x_wconf 88' lang='grc' dir='ltr'><strong>Μ.</strong></span> <span class='ocrx_word' id='word_1_14' title='bbox 921 568 1018 632; x_wconf 86' lang='lat' dir='ltr'><strong>Bruti</strong></span> <span class='ocrx_word' id='word_1_15' title='bbox 1039 569 1219 634; x_wconf 81' lang='lat' dir='ltr'><strong>alterumue</strong></span> <span class='ocrx_word' id='word_1_16' title='bbox 1243 571 1396 635; x_wconf 82' lang='lat' dir='ltr'><strong>tribuno·</strong></span> 
     </span>
    </p>
   </div>
   <div class='ocr_carea' id='block_1_3' title="bbox 170 640 299 795">
    <p class='ocr_par' dir='ltr' id='par_1_3' title="bbox 170 640 299 795">
     <span class='ocr_line' id='line_1_3' title="bbox 170 640 299 690; baseline -0.023 -10"><span class='ocrx_word' id='word_1_17' title='bbox 170 640 247 680; x_wconf 78' lang='lat' dir='ltr'><strong>Alieno</strong></span> <span class='ocrx_word' id='word_1_18' title='bbox 260 650 299 690; x_wconf 74' lang='lat' dir='ltr'><strong>up-</strong></span> 
     </span>
     <span class='ocr_line' id='line_1_4' title="bbox 171 696 249 751; baseline 0 -15"><span class='ocrx_word' id='word_1_19' title='bbox 171 696 249 751; x_wconf 70' lang='lat' dir='ltr'><strong>polluti.</strong></span> 
     </span>
     <span class='ocr_line' id='line_1_5' title="bbox 220 760 260 795; baseline 0.025 -1"><span class='ocrx_word' id='word_1_20' title='bbox 220 760 260 795; x_wconf 73' lang='lat' dir='ltr'><strong>tut.</strong></span> 
     </span>
    </p>
   </div>
   <div class='ocr_carea' id='block_1_4' title="bbox 335 691 1396 3802">
    <p class='ocr_par' dir='ltr' id='par_1_4' title="bbox 335 691 1396 1853">
     <span class='ocr_line' id='line_1_6' title="bbox 335 691 1396 776; baseline 0 -20"><span class='ocrx_word' id='word_1_21' title='bbox 335 711 406 756; x_wconf 91' lang='lat' dir='ltr'><strong>rum</strong></span> <span class='ocrx_word' id='word_1_22' title='bbox 428 693 695 774; x_wconf 80' lang='lat' dir='ltr'><strong>importunitate,</strong></span> <span class='ocrx_word' id='word_1_23' title='bbox 724 692 861 776; x_wconf 85' lang='lat' dir='ltr'><strong>iniuria,</strong></span> <span class='ocrx_word' id='word_1_24' title='bbox 883 691 1000 776; x_wconf 87' lang='lat' dir='ltr'><strong>minis,</strong></span> <span class='ocrx_word' id='word_1_25' title='bbox 1024 692 1157 776; x_wconf 80' lang='lat' dir='ltr'><strong>iniquae</strong></span> <span class='ocrx_word' id='word_1_26' title='bbox 1179 693 1396 757; x_wconf 87' lang='lat' dir='ltr'><strong>intercessio-</strong></span> 
     </span>
     <span class='ocr_line' id='line_1_7' title="bbox 336 780 1396 895; baseline 0.002 -18"><span class='ocrx_word' id='word_1_27' title='bbox 336 815 389 877; x_wconf 89' lang='lat' dir='ltr'><strong>nis</strong></span> <span class='ocrx_word' id='word_1_28' title='bbox 417 814 506 875; x_wconf 88' lang='lat' dir='ltr'><strong>metu</strong></span> <span class='ocrx_word' id='word_1_29' title='bbox 539 814 750 894; x_wconf 90' lang='lat' dir='ltr'><strong>perterritum</strong></span> <span class='ocrx_word' id='word_1_30' title='bbox 776 780 994 895; x_wconf 57' lang='lat' dir='ltr'><strong>eoaciirmque</strong></span> <span class='ocrx_word' id='word_1_31' title='bbox 1015 810 1237 876; x_wconf 87' lang='lat' dir='ltr'><strong>uadimonium</strong></span> <span class='ocrx_word' id='word_1_32' title='bbox 1260 816 1396 879; x_wconf 70' lang='lat' dir='ltr'><strong>contra-</strong></span> 
     </span>
     <span class='ocr_line' id='line_1_8' title="bbox 336 927 1396 1020; baseline 0.001 -23"><span class='ocrx_word' id='word_1_33' title='bbox 336 927 493 1016; x_wconf 84' lang='lat' dir='ltr'><strong>xisse³⁹),</strong></span> <span class='ocrx_word' id='word_1_34' title='bbox 526 932 567 997; x_wconf 92' lang='lat' dir='ltr'><strong>de</strong></span> <span class='ocrx_word' id='word_1_35' title='bbox 596 935 667 996; x_wconf 91' lang='lat' dir='ltr'><strong>iure</strong></span> <span class='ocrx_word' id='word_1_36' title='bbox 696 930 930 1017; x_wconf 85' lang='lat' dir='ltr'><strong>prosequendo</strong></span> <span class='ocrx_word' id='word_1_37' title='bbox 954 932 1214 1020; x_wconf 82' lang='lat' dir='ltr'><strong>peragendaque</strong></span> <span class='ocrx_word' id='word_1_38' title='bbox 1238 934 1396 998; x_wconf 88' lang='lat' dir='ltr'><strong>bonorum</strong></span> 
     </span>
     <span class='ocr_line' id='line_1_9' title="bbox 336 1054 1396 1141; baseline 0 -22"><span class='ocrx_word' id='word_1_39' title='bbox 336 1054 527 1119; x_wconf 89' lang='lat' dir='ltr'><strong>uenditione</strong></span> <span class='ocrx_word' id='word_1_40' title='bbox 555 1056 721 1137; x_wconf 74' lang='lat' dir='ltr'><strong>tantisper</strong></span> <span class='ocrx_word' id='word_1_41' title='bbox 747 1055 929 1135; x_wconf 78' lang='lat' dir='ltr'><strong>remisisse,</strong></span> <span class='ocrx_word' id='word_1_42' title='bbox 960 1055 1135 1141; x_wconf 80' lang='lat' dir='ltr'><strong>quomagis</strong></span> <span class='ocrx_word' id='word_1_43' title='bbox 1155 1056 1267 1138; x_wconf 87' lang='lat' dir='ltr'><strong>sopita</strong></span> <span class='ocrx_word' id='word_1_44' title='bbox 1291 1056 1396 1120; x_wconf 84' lang='lat' dir='ltr'><strong>tribu-</strong></span> 
     </span>
     <span class='ocr_line' id='line_1_10' title="bbox 336 1176 1396 1260; baseline -0.001 -19"><span class='ocrx_word' id='word_1_45' title='bbox 336 1196 450 1241; x_wconf 88' lang='lat' dir='ltr'><strong>norum</strong></span> <span class='ocrx_word' id='word_1_46' title='bbox 480 1177 722 1240; x_wconf 84' lang='lat' dir='ltr'><strong>intercessione</strong></span> <span class='ocrx_word' id='word_1_47' title='bbox 752 1177 1000 1257; x_wconf 90' lang='lat' dir='ltr'><strong>possessionem</strong></span> <span class='ocrx_word' id='word_1_48' title='bbox 1023 1176 1159 1260; x_wconf 87' lang='lat' dir='ltr'><strong>saltem,</strong></span> <span class='ocrx_word' id='word_1_49' title='bbox 1188 1177 1260 1241; x_wconf 90' lang='lat' dir='ltr'><strong>iure</strong></span> <span class='ocrx_word' id='word_1_50' title='bbox 1292 1177 1396 1260; x_wconf 88' lang='lat' dir='ltr'><strong>impe-</strong></span> 
     </span>
     <span class='ocr_line' id='line_1_11' title="bbox 335 1294 1396 1382; baseline 0 -20"><span class='ocrx_word' id='word_1_51' title='bbox 335 1303 473 1381; x_wconf 86' lang='lat' dir='ltr'><strong>tratam,</strong></span> <span class='ocrx_word' id='word_1_52' title='bbox 507 1298 568 1360; x_wconf 87' lang='lat' dir='ltr'><strong>sibi</strong></span> <span class='ocrx_word' id='word_1_53' title='bbox 592 1299 823 1361; x_wconf 88' lang='lat' dir='ltr'><strong>conseruaret:</strong></span> <span class='ocrx_word' id='word_1_54' title='bbox 859 1294 1001 1379; x_wconf 77' lang='lat' dir='ltr'><strong>denique</strong></span> <span class='ocrx_word' id='word_1_55' title='bbox 1023 1297 1129 1360; x_wconf 86' lang='lat' dir='ltr'><strong>satius</strong></span> <span class='ocrx_word' id='word_1_56' title='bbox 1150 1295 1311 1382; x_wconf 86' lang='lat' dir='ltr'><strong>duxisse,</strong></span> <span class='ocrx_word' id='word_1_57' title='bbox 1341 1315 1396 1362; x_wconf 84' lang='lat' dir='ltr'><strong>rc-</strong></span> 
     </span>
     <span class='ocr_line' id='line_1_12' title="bbox 336 1417 1396 1502; baseline 0 -19"><span class='ocrx_word' id='word_1_58' title='bbox 336 1419 469 1484; x_wconf 82' lang='lat' dir='ltr'><strong>tardata</strong></span> <span class='ocrx_word' id='word_1_59' title='bbox 490 1417 683 1482; x_wconf 81' lang='lat' dir='ltr'><strong>uenditione</strong></span> <span class='ocrx_word' id='word_1_60' title='bbox 705 1418 951 1501; x_wconf 88' lang='lat' dir='ltr'><strong>possessionem</strong></span> <span class='ocrx_word' id='word_1_61' title='bbox 967 1418 1094 1481; x_wconf 83' lang='lat' dir='ltr'><strong>saluam</strong></span> <span class='ocrx_word' id='word_1_62' title='bbox 1109 1421 1168 1481; x_wconf 92' lang='lat' dir='ltr'><strong>aut</strong></span> <span class='ocrx_word' id='word_1_63' title='bbox 1184 1418 1218 1481; x_wconf 90' lang='lat' dir='ltr'><strong>in</strong></span> <span class='ocrx_word' id='word_1_64' title='bbox 1234 1436 1396 1502; x_wconf 88' lang='lat' dir='ltr'><strong>suspenso</strong></span> 
     </span>
     <span class='ocr_line' id='line_1_13' title="bbox 337 1538 1396 1623; baseline 0.001 -20"><span class='ocrx_word' id='word_1_65' title='bbox 337 1544 446 1604; x_wconf 86' lang='lat' dir='ltr'><strong>tamen</strong></span> <span class='ocrx_word' id='word_1_66' title='bbox 461 1541 622 1620; x_wconf 90' lang='lat' dir='ltr'><strong>retinere,</strong></span> <span class='ocrx_word' id='word_1_67' title='bbox 658 1557 752 1623; x_wconf 89' lang='lat' dir='ltr'><strong>quam</strong></span> <span class='ocrx_word' id='word_1_68' title='bbox 784 1556 869 1623; x_wconf 89' lang='lat' dir='ltr'><strong>quae</strong></span> <span class='ocrx_word' id='word_1_69' title='bbox 898 1538 1066 1603; x_wconf 87' lang='lat' dir='ltr'><strong>laboriosa</strong></span> <span class='ocrx_word' id='word_1_70' title='bbox 1096 1540 1315 1604; x_wconf 84' lang='lat' dir='ltr'><strong>contentione</strong></span> <span class='ocrx_word' id='word_1_71' title='bbox 1360 1556 1396 1604; x_wconf 80' lang='lat' dir='ltr'><strong>aa</strong></span> 
     </span>
     <span class='ocr_line' id='line_1_14' title="bbox 336 1658 1396 1745; baseline -0.001 -20"><span class='ocrx_word' id='word_1_72' title='bbox 336 1661 509 1725; x_wconf 88' lang='lat' dir='ltr'><strong>Praetoris</strong></span> <span class='ocrx_word' id='word_1_73' title='bbox 546 1662 673 1724; x_wconf 86' lang='lat' dir='ltr'><strong>iustitia</strong></span> <span class='ocrx_word' id='word_1_74' title='bbox 701 1658 810 1725; x_wconf 84' lang='lat' dir='ltr'><strong>adhuc</strong></span> <span class='ocrx_word' id='word_1_75' title='bbox 841 1663 1035 1744; x_wconf 88' lang='lat' dir='ltr'><strong>comparata</strong></span> <span class='ocrx_word' id='word_1_76' title='bbox 1067 1662 1198 1745; x_wconf 85' lang='lat' dir='ltr'><strong>essent,</strong></span> <span class='ocrx_word' id='word_1_77' title='bbox 1234 1680 1302 1725; x_wconf 90' lang='lat' dir='ltr'><strong>uno</strong></span> <span class='ocrx_word' id='word_1_78' title='bbox 1333 1662 1396 1726; x_wconf 91' lang='lat' dir='ltr'><strong>ictu</strong></span> 
     </span>
     <span class='ocr_line' id='line_1_15' title="bbox 337 1776 676 1853; baseline -0.009 -7"><span class='ocrx_word' id='word_1_79' title='bbox 337 1785 445 1846; x_wconf 86' lang='lat' dir='ltr'><strong>omnia</strong></span> <span class='ocrx_word' id='word_1_80' title='bbox 467 1776 676 1853; x_wconf 54' lang='lat' dir='ltr'><strong>amitteret).</strong></span> 
     </span>
    </p>

    <p class='ocr_par' dir='ltr' id='par_1_5' title="bbox 335 1902 1396 3058">
     <span class='ocr_line' id='line_1_16' title="bbox 400 1902 1396 1987; baseline -0.002 -20"><span class='ocrx_word' id='word_1_81' title='bbox 400 1902 494 1985; x_wconf 78' lang='lat' dir='ltr'><strong>Quae</strong></span> <span class='ocrx_word' id='word_1_82' title='bbox 516 1922 617 1987; x_wconf 92' lang='lat' dir='ltr'><strong>porro</strong></span> <span class='ocrx_word' id='word_1_83' title='bbox 641 1904 762 1968; x_wconf 85' lang='lat' dir='ltr'><strong>tribuni</strong></span> <span class='ocrx_word' id='word_1_84' title='bbox 786 1902 829 1986; x_wconf 89' lang='lat' dir='ltr'><strong>pl.</strong></span> <span class='ocrx_word' id='word_1_85' title='bbox 852 1904 949 1967; x_wconf 89' lang='lat' dir='ltr'><strong>unius</strong></span> <span class='ocrx_word' id='word_1_86' title='bbox 977 1902 1161 1987; x_wconf 89' lang='lat' dir='ltr'><strong>pluriumue</strong></span> <span class='ocrx_word' id='word_1_87' title='bbox 1183 1903 1396 1984; x_wconf 80' lang='lat' dir='ltr'><strong>intercessio,</strong></span> 
     </span>
     <span class='ocr_line' id='line_1_17' title="bbox 336 2022 1396 2106; baseline -0.002 -17"><span class='ocrx_word' id='word_1_88' title='bbox 336 2027 463 2090; x_wconf 77' lang='lat' dir='ltr'><strong>etiamst</strong></span> <span class='ocrx_word' id='word_1_89' title='bbox 482 2042 603 2106; x_wconf 88' lang='lat' dir='ltr'><strong>reapse</strong></span> <span class='ocrx_word' id='word_1_90' title='bbox 626 2026 778 2088; x_wconf 86' lang='lat' dir='ltr'><strong>insecuta</strong></span> <span class='ocrx_word' id='word_1_91' title='bbox 800 2023 934 2106; x_wconf 85' lang='lat' dir='ltr'><strong>fuisset,</strong></span> <span class='ocrx_word' id='word_1_92' title='bbox 956 2022 1041 2088; x_wconf 88' lang='lat' dir='ltr'><strong>adeo</strong></span> <span class='ocrx_word' id='word_1_93' title='bbox 1064 2025 1189 2087; x_wconf 86' lang='lat' dir='ltr'><strong>iniusta</strong></span> <span class='ocrx_word' id='word_1_94' title='bbox 1212 2026 1317 2106; x_wconf 90' lang='lat' dir='ltr'><strong>atque</strong></span> <span class='ocrx_word' id='word_1_95' title='bbox 1338 2024 1396 2087; x_wconf 89' lang='lat' dir='ltr'><strong>im·</strong></span> 
     </span>
     <span class='ocr_line' id='line_1_18' title="bbox 336 2142 1396 2230; baseline -0.001 -21"><span class='ocrx_word' id='word_1_96' title='bbox 336 2147 441 2230; x_wconf 89' lang='lat' dir='ltr'><strong>proba</strong></span> <span class='ocrx_word' id='word_1_97' title='bbox 469 2145 656 2226; x_wconf 82' lang='lat' dir='ltr'><strong>uideretur,</strong></span> <span class='ocrx_word' id='word_1_98' title='bbox 687 2147 724 2207; x_wconf 90' lang='lat' dir='ltr'><strong>ut</strong></span> <span class='ocrx_word' id='word_1_99' title='bbox 752 2162 813 2228; x_wconf 94' lang='lat' dir='ltr'><strong>per</strong></span> <span class='ocrx_word' id='word_1_100' title='bbox 843 2163 914 2208; x_wconf 89' lang='lat' dir='ltr'><strong>eam</strong></span> <span class='ocrx_word' id='word_1_101' title='bbox 944 2162 1007 2209; x_wconf 88' lang='lat' dir='ltr'><strong>nec</strong></span> <span class='ocrx_word' id='word_1_102' title='bbox 1035 2144 1209 2209; x_wconf 88' lang='lat' dir='ltr'><strong>Praetoris</strong></span> <span class='ocrx_word' id='word_1_103' title='bbox 1232 2142 1275 2209; x_wconf 88' lang='lat' dir='ltr'><strong>de</strong></span> <span class='ocrx_word' id='word_1_104' title='bbox 1297 2145 1396 2208; x_wconf 84' lang='lat' dir='ltr'><strong>satis-</strong></span> 
     </span>
     <span class='ocr_line' id='line_1_19' title="bbox 336 2263 1396 2354; baseline -0.001 -24"><span class='ocrx_word' id='word_1_105' title='bbox 336 2264 446 2331; x_wconf 88' lang='lat' dir='ltr'><strong>dando</strong></span> <span class='ocrx_word' id='word_1_106' title='bbox 485 2265 654 2331; x_wconf 82' lang='lat' dir='ltr'><strong>decretum</strong></span> <span class='ocrx_word' id='word_1_107' title='bbox 690 2264 925 2354; x_wconf 80' lang='lat' dir='ltr'><strong>infirmaretur,</strong></span> <span class='ocrx_word' id='word_1_108' title='bbox 957 2283 1022 2331; x_wconf 89' lang='lat' dir='ltr'><strong>nec</strong></span> <span class='ocrx_word' id='word_1_109' title='bbox 1057 2265 1211 2330; x_wconf 79' lang='lat' dir='ltr'><strong>defensio</strong></span> <span class='ocrx_word' id='word_1_110' title='bbox 1244 2263 1396 2329; x_wconf 84' lang='lat' dir='ltr'><strong>inidonet</strong></span> 
     </span>
     <span class='ocr_line' id='line_1_20' title="bbox 336 2382 1396 2472; baseline -0.002 -20"><span class='ocrx_word' id='word_1_111' title='bbox 336 2389 546 2472; x_wconf 84' lang='lat' dir='ltr'><strong>expleretur,</strong></span> <span class='ocrx_word' id='word_1_112' title='bbox 568 2404 630 2451; x_wconf 89' lang='lat' dir='ltr'><strong>nec</strong></span> <span class='ocrx_word' id='word_1_113' title='bbox 651 2388 820 2470; x_wconf 87' lang='lat' dir='ltr'><strong>possessio</strong></span> <span class='ocrx_word' id='word_1_114' title='bbox 836 2387 995 2450; x_wconf 92' lang='lat' dir='ltr'><strong>bonorum</strong></span> <span class='ocrx_word' id='word_1_115' title='bbox 1018 2388 1089 2451; x_wconf 92' lang='lat' dir='ltr'><strong>iure</strong></span> <span class='ocrx_word' id='word_1_116' title='bbox 1105 2382 1396 2470; x_wconf 68' lang='lat' dir='ltr'><strong>dispelleretur⁴¹t</strong></span> 
     </span>
     <span class='ocr_line' id='line_1_21' title="bbox 336 2505 1396 2591; baseline -0.002 -18"><span class='ocrx_word' id='word_1_117' title='bbox 336 2528 406 2573; x_wconf 87' lang='lat' dir='ltr'><strong>eam</strong></span> <span class='ocrx_word' id='word_1_118' title='bbox 429 2527 528 2591; x_wconf 92' lang='lat' dir='ltr'><strong>uero,</strong></span> <span class='ocrx_word' id='word_1_119' title='bbox 566 2509 612 2571; x_wconf 90' lang='lat' dir='ltr'><strong>uti</strong></span> <span class='ocrx_word' id='word_1_120' title='bbox 642 2525 730 2573; x_wconf 89' lang='lat' dir='ltr'><strong>nune</strong></span> <span class='ocrx_word' id='word_1_121' title='bbox 752 2511 860 2591; x_wconf 87' lang='lat' dir='ltr'><strong>esset,</strong></span> <span class='ocrx_word' id='word_1_122' title='bbox 895 2525 938 2572; x_wconf 87' lang='lat' dir='ltr'><strong>ne</strong></span> <span class='ocrx_word' id='word_1_123' title='bbox 967 2511 1094 2571; x_wconf 86' lang='lat' dir='ltr'><strong>tantum</strong></span> <span class='ocrx_word' id='word_1_124' title='bbox 1117 2505 1248 2591; x_wconf 89' lang='lat' dir='ltr'><strong>quidem</strong></span> <span class='ocrx_word' id='word_1_125' title='bbox 1272 2508 1396 2591; x_wconf 72' lang='lat' dir='ltr'><strong>ualere,</strong></span> 
     </span>
     <span class='ocr_line' id='line_1_22' title="bbox 336 2627 1396 2714; baseline -0.001 -21"><span class='ocrx_word' id='word_1_126' title='bbox 336 2633 389 2714; x_wconf 90' lang='lat' dir='ltr'><strong>ut,</strong></span> <span class='ocrx_word' id='word_1_127' title='bbox 422 2627 510 2714; x_wconf 90' lang='lat' dir='ltr'><strong>quod</strong></span> <span class='ocrx_word' id='word_1_128' title='bbox 534 2629 576 2693; x_wconf 89' lang='lat' dir='ltr'><strong>ob</strong></span> <span class='ocrx_word' id='word_1_129' title='bbox 598 2631 694 2692; x_wconf 91' lang='lat' dir='ltr'><strong>istius</strong></span> <span class='ocrx_word' id='word_1_130' title='bbox 715 2629 966 2694; x_wconf 84' lang='lat' dir='ltr'><strong>intercessionis</strong></span> <span class='ocrx_word' id='word_1_131' title='bbox 987 2631 1108 2692; x_wconf 79' lang='lat' dir='ltr'><strong>iustum</strong></span> <span class='ocrx_word' id='word_1_132' title='bbox 1131 2631 1252 2692; x_wconf 87' lang='lat' dir='ltr'><strong>metum</strong></span> <span class='ocrx_word' id='word_1_133' title='bbox 1275 2629 1396 2692; x_wconf 82' lang='lat' dir='ltr'><strong>tnutnn</strong></span> 
     </span>
     <span class='ocr_line' id='line_1_23' title="bbox 335 2747 1396 2838; baseline -0.002 -23"><span class='ocrx_word' id='word_1_134' title='bbox 335 2756 435 2836; x_wconf 87' lang='lat' dir='ltr'><strong>atque</strong></span> <span class='ocrx_word' id='word_1_135' title='bbox 458 2751 612 2838; x_wconf 82' lang='lat' dir='ltr'><strong>ingratiis</strong></span> <span class='ocrx_word' id='word_1_136' title='bbox 634 2749 782 2815; x_wconf 88' lang='lat' dir='ltr'><strong>Naeuius</strong></span> <span class='ocrx_word' id='word_1_137' title='bbox 803 2768 876 2814; x_wconf 89' lang='lat' dir='ltr'><strong>cum</strong></span> <span class='ocrx_word' id='word_1_138' title='bbox 905 2748 1032 2813; x_wconf 87' lang='lat' dir='ltr'><strong>Alfeno</strong></span> <span class='ocrx_word' id='word_1_139' title='bbox 1063 2747 1285 2813; x_wconf 85' lang='lat' dir='ltr'><strong>uadimonium</strong></span> <span class='ocrx_word' id='word_1_140' title='bbox 1316 2767 1396 2814; x_wconf 88' lang='lat' dir='ltr'><strong>eon-</strong></span> 
     </span>
     <span class='ocr_line' id='line_1_24' title="bbox 335 2867 1396 2956; baseline -0.002 -20"><span class='ocrx_word' id='word_1_141' title='bbox 335 2875 513 2956; x_wconf 87' lang='lat' dir='ltr'><strong>traxisset,</strong></span> <span class='ocrx_word' id='word_1_142' title='bbox 549 2870 583 2935; x_wconf 86' lang='lat' dir='ltr'><strong>id</strong></span> <span class='ocrx_word' id='word_1_143' title='bbox 616 2890 677 2955; x_wconf 95' lang='lat' dir='ltr'><strong>pro</strong></span> <span class='ocrx_word' id='word_1_144' title='bbox 712 2873 799 2935; x_wconf 90' lang='lat' dir='ltr'><strong>iusta</strong></span> <span class='ocrx_word' id='word_1_145' title='bbox 834 2867 980 2950; x_wconf 77' lang='lat' dir='ltr'><strong>Quinctii</strong></span> <span class='ocrx_word' id='word_1_146' title='bbox 1016 2871 1169 2936; x_wconf 86' lang='lat' dir='ltr'><strong>absentis</strong></span> <span class='ocrx_word' id='word_1_147' title='bbox 1201 2869 1396 2935; x_wconf 83' lang='lat' dir='ltr'><strong>defensione</strong></span> 
     </span>
     <span class='ocr_line' id='line_1_25' title="bbox 335 2995 576 3058; baseline -0.012 0"><span class='ocrx_word' id='word_1_148' title='bbox 335 2995 576 3058; x_wconf 82' lang='lat' dir='ltr'><strong>aestimaretur.</strong></span> 
     </span>
    </p>

    <p class='ocr_par' dir='ltr' id='par_1_6' title="bbox 335 3110 1396 3802">
     <span class='ocr_line' id='line_1_26' title="bbox 399 3110 1396 3201; baseline 0.001 -25"><span class='ocrx_word' id='word_1_149' title='bbox 399 3112 473 3193; x_wconf 75' lang='lat' dir='ltr'><strong>Quo</strong></span> <span class='ocrx_word' id='word_1_150' title='bbox 502 3114 577 3178; x_wconf 83' lang='lat' dir='ltr'><strong>ioco</strong></span> <span class='ocrx_word' id='word_1_151' title='bbox 607 3114 760 3176; x_wconf 86' lang='lat' dir='ltr'><strong>existimo</strong></span> <span class='ocrx_word' id='word_1_152' title='bbox 790 3112 1004 3175; x_wconf 89' lang='lat' dir='ltr'><strong>Hortensium</strong></span> <span class='ocrx_word' id='word_1_153' title='bbox 1033 3113 1136 3201; x_wconf 82' lang='lat' dir='ltr'><strong>louge</strong></span> <span class='ocrx_word' id='word_1_154' title='bbox 1158 3110 1283 3197; x_wconf 88' lang='lat' dir='ltr'><strong>diuque</strong></span> <span class='ocrx_word' id='word_1_155' title='bbox 1305 3131 1396 3178; x_wconf 90' lang='lat' dir='ltr'><strong>com·</strong></span> 
     </span>
     <span class='ocr_line' id='line_1_27' title="bbox 335 3233 1396 3316; baseline 0.001 -19"><span class='ocrx_word' id='word_1_156' title='bbox 335 3239 494 3298; x_wconf 86' lang='lat' dir='ltr'><strong>moratum</strong></span> <span class='ocrx_word' id='word_1_157' title='bbox 530 3252 604 3298; x_wconf 90' lang='lat' dir='ltr'><strong>esse</strong></span> <span class='ocrx_word' id='word_1_158' title='bbox 635 3237 668 3296; x_wconf 88' lang='lat' dir='ltr'><strong>tn</strong></span> <span class='ocrx_word' id='word_1_159' title='bbox 691 3233 841 3297; x_wconf 86' lang='lat' dir='ltr'><strong>omnibus</strong></span> <span class='ocrx_word' id='word_1_160' title='bbox 870 3233 953 3316; x_wconf 83' lang='lat' dir='ltr'><strong>iltis,</strong></span> <span class='ocrx_word' id='word_1_161' title='bbox 985 3251 1070 3316; x_wconf 79' lang='lat' dir='ltr'><strong>quae</strong></span> <span class='ocrx_word' id='word_1_162' title='bbox 1092 3233 1241 3298; x_wconf 80' lang='lat' dir='ltr'><strong>Alienus</strong></span> <span class='ocrx_word' id='word_1_163' title='bbox 1270 3237 1396 3300; x_wconf 81' lang='lat' dir='ltr'><strong>cumin</strong></span> 
     </span>
     <span class='ocr_line' id='line_1_28' title="bbox 336 3353 1396 3438; baseline 0.004 -21"><span class='ocrx_word' id='word_1_164' title='bbox 336 3359 406 3420; x_wconf 86' lang='lat' dir='ltr'><strong>ture</strong></span> <span class='ocrx_word' id='word_1_165' title='bbox 441 3361 507 3419; x_wconf 85' lang='lat' dir='ltr'><strong>tum</strong></span> <span class='ocrx_word' id='word_1_166' title='bbox 535 3353 625 3438; x_wconf 86' lang='lat' dir='ltr'><strong>apud</strong></span> <span class='ocrx_word' id='word_1_167' title='bbox 654 3355 805 3418; x_wconf 87' lang='lat' dir='ltr'><strong>tribunos</strong></span> <span class='ocrx_word' id='word_1_168' title='bbox 833 3354 941 3435; x_wconf 84' lang='lat' dir='ltr'><strong>plebis</strong></span> <span class='ocrx_word' id='word_1_169' title='bbox 976 3360 1096 3418; x_wconf 85' lang='lat' dir='ltr'><strong>contra</strong></span> <span class='ocrx_word' id='word_1_170' title='bbox 1132 3356 1214 3418; x_wconf 90' lang='lat' dir='ltr'><strong>iuris</strong></span> <span class='ocrx_word' id='word_1_171' title='bbox 1251 3354 1396 3421; x_wconf 85' lang='lat' dir='ltr'><strong>ordinem</strong></span> 
     </span>
     <span class='ocr_line' id='line_1_29' title="bbox 335 3473 1396 3561; baseline 0.003 -22"><span class='ocrx_word' id='word_1_172' title='bbox 335 3477 545 3540; x_wconf 89' lang='lat' dir='ltr'><strong>turbulenter</strong></span> <span class='ocrx_word' id='word_1_173' title='bbox 559 3494 598 3541; x_wconf 88' lang='lat' dir='ltr'><strong>ac</strong></span> <span class='ocrx_word' id='word_1_174' title='bbox 620 3473 779 3539; x_wconf 77' lang='lat' dir='ltr'><strong>seditiose</strong></span> <span class='ocrx_word' id='word_1_175' title='bbox 801 3477 948 3561; x_wconf 81' lang='lat' dir='ltr'><strong>egisset,</strong></span> <span class='ocrx_word' id='word_1_176' title='bbox 969 3480 1162 3560; x_wconf 84' lang='lat' dir='ltr'><strong>quantoque</strong></span> <span class='ocrx_word' id='word_1_177' title='bbox 1177 3493 1324 3542; x_wconf 89' lang='lat' dir='ltr'><strong>caussae</strong></span> <span class='ocrx_word' id='word_1_178' title='bbox 1340 3476 1396 3543; x_wconf 87' lang='lat' dir='ltr'><strong>de-</strong></span> 
     </span>
     <span class='ocr_line' id='line_1_30' title="bbox 336 3596 1396 3683; baseline 0.003 -23"><span class='ocrx_word' id='word_1_179' title='bbox 336 3598 490 3661; x_wconf 86' lang='lat' dir='ltr'><strong>trimento</strong></span> <span class='ocrx_word' id='word_1_180' title='bbox 518 3597 644 3661; x_wconf 84' lang='lat' dir='ltr'><strong>Naeuio</strong></span> <span class='ocrx_word' id='word_1_181' title='bbox 674 3601 792 3661; x_wconf 88' lang='lat' dir='ltr'><strong>contra</strong></span> <span class='ocrx_word' id='word_1_182' title='bbox 821 3596 909 3660; x_wconf 84' lang='lat' dir='ltr'><strong>iltius</strong></span> <span class='ocrx_word' id='word_1_183' title='bbox 935 3598 1000 3659; x_wconf 90' lang='lat' dir='ltr'><strong>uim</strong></span> <span class='ocrx_word' id='word_1_184' title='bbox 1031 3601 1065 3661; x_wconf 93' lang='lat' dir='ltr'><strong>et</strong></span> <span class='ocrx_word' id='word_1_185' title='bbox 1092 3599 1238 3683; x_wconf 81' lang='lat' dir='ltr'><strong>gratiam</strong></span> <span class='ocrx_word' id='word_1_186' title='bbox 1262 3605 1396 3663; x_wconf 87' lang='lat' dir='ltr'><strong>certan-</strong></span> 
     </span>
     <span class='ocr_line' id='line_1_31' title="bbox 335 3715 1396 3802; baseline 0.004 -21"><span class='ocrx_word' id='word_1_187' title='bbox 335 3716 411 3782; x_wconf 90' lang='lat' dir='ltr'><strong>dum</strong></span> <span class='ocrx_word' id='word_1_188' title='bbox 435 3715 612 3790; x_wconf 54' lang='lat' dir='ltr'><strong>fuisseti).</strong></span> <span class='ocrx_word' id='word_1_189' title='bbox 665 3715 738 3798; x_wconf 77' lang='lat' dir='ltr'><strong>Qua</strong></span> <span class='ocrx_word' id='word_1_190' title='bbox 768 3715 810 3782; x_wconf 91' lang='lat' dir='ltr'><strong>de</strong></span> <span class='ocrx_word' id='word_1_191' title='bbox 839 3737 875 3782; x_wconf 94' lang='lat' dir='ltr'><strong>re</strong></span> <span class='ocrx_word' id='word_1_192' title='bbox 906 3737 1004 3802; x_wconf 89' lang='lat' dir='ltr'><strong>quum</strong></span> <span class='ocrx_word' id='word_1_193' title='bbox 1036 3719 1249 3783; x_wconf 86' lang='lat' dir='ltr'><strong>breuissimas</strong></span> <span class='ocrx_word' id='word_1_194' title='bbox 1272 3724 1396 3785; x_wconf 86' lang='lat' dir='ltr'><strong>tantum</strong></span> 
     </span>
    </p>
   </div>
   <div class='ocr_carea' id='block_1_5' title="bbox 335 4032 1396 4274">
    <p class='ocr_par' dir='ltr' id='par_1_7' title="bbox 335 4032 1396 4274">
     <span class='ocr_line' id='line_1_32' title="bbox 370 4032 1295 4101; baseline 0.005 -17"><span class='ocrx_word' id='word_1_195' title='bbox 370 4032 415 4098; x_wconf 78' lang='lat'><strong>39)</strong></span> <span class='ocrx_word' id='word_1_196' title='bbox 440 4035 507 4086; x_wconf 85' lang='lat' dir='ltr'><strong>Vide</strong></span> <span class='ocrx_word' id='word_1_197' title='bbox 531 4049 611 4099; x_wconf 78' lang='lat' dir='ltr'><strong>supra</strong></span> <span class='ocrx_word' id='word_1_198' title='bbox 637 4051 662 4100; x_wconf 87' lang='lat' dir='ltr'><strong>p.</strong></span> <span class='ocrx_word' id='word_1_199' title='bbox 690 4037 750 4086; x_wconf 82' lang='lat' dir='ltr'><strong>rao.</strong></span> <span class='ocrx_word' id='word_1_200' title='bbox 777 4049 833 4100; x_wconf 88' lang='lat' dir='ltr'><strong>seq.</strong></span> <span class='ocrx_word' id='word_1_201' title='bbox 926 4038 972 4099; x_wconf 73' lang='lat' dir='ltr'><strong>tt)</strong></span> <span class='ocrx_word' id='word_1_202' title='bbox 993 4038 1061 4088; x_wconf 85' lang='lat' dir='ltr'><strong>Vide</strong></span> <span class='ocrx_word' id='word_1_203' title='bbox 1077 4050 1160 4101; x_wconf 85' lang='lat' dir='ltr'><strong>supra</strong></span> <span class='ocrx_word' id='word_1_204' title='bbox 1180 4052 1208 4101; x_wconf 88' lang='lat' dir='ltr'><strong>p.</strong></span> <span class='ocrx_word' id='word_1_205' title='bbox 1230 4038 1295 4089; x_wconf 82' lang='lat' dir='ltr'><strong>teo.</strong></span> 
     </span>
     <span class='ocr_line' id='line_1_33' title="bbox 335 4122 1396 4189; baseline -0.001 -16"><span class='ocrx_word' id='word_1_206' title='bbox 335 4139 396 4173; x_wconf 85' lang='lat' dir='ltr'><strong>cum</strong></span> <span class='ocrx_word' id='word_1_207' title='bbox 417 4125 445 4173; x_wconf 85' lang='lat' dir='ltr'><strong>u.</strong></span> <span class='ocrx_word' id='word_1_208' title='bbox 467 4125 502 4173; x_wconf 90' lang='lat' dir='ltr'><strong>ibi</strong></span> <span class='ocrx_word' id='word_1_209' title='bbox 522 4139 560 4174; x_wconf 88' lang='lat' dir='ltr'><strong>cc.</strong></span> <span class='ocrx_word' id='word_1_210' title='bbox 582 4131 608 4173; x_wconf 90' lang='lat' dir='ltr'><strong>et</strong></span> <span class='ocrx_word' id='word_1_211' title='bbox 627 4139 652 4187; x_wconf 86' lang='lat' dir='ltr'><strong>p.</strong></span> <span class='ocrx_word' id='word_1_212' title='bbox 673 4124 733 4173; x_wconf 82' lang='lat'><strong>158.</strong></span> <span class='ocrx_word' id='word_1_213' title='bbox 753 4138 809 4186; x_wconf 85' lang='lat' dir='ltr'><strong>seq.</strong></span> <span class='ocrx_word' id='word_1_214' title='bbox 927 4122 974 4189; x_wconf 71' lang='lat'><strong>42)</strong></span> <span class='ocrx_word' id='word_1_215' title='bbox 994 4126 1247 4176; x_wconf 74' lang='lat' dir='ltr'><strong>Cantanteriorem</strong></span> <span class='ocrx_word' id='word_1_216' title='bbox 1260 4130 1396 4179; x_wconf 59' lang='lat' dir='ltr'><strong>nominas</strong></span> 
     </span>
     <span class='ocr_line' id='line_1_34' title="bbox 368 4212 739 4274; baseline -0.008 -12"><span class='ocrx_word' id='word_1_217' title='bbox 368 4212 414 4273; x_wconf 74' lang='lat' dir='ltr'><strong>to)</strong></span> <span class='ocrx_word' id='word_1_218' title='bbox 434 4212 511 4261; x_wconf 78' lang='lat' dir='ltr'><strong>Coni-</strong></span> <span class='ocrx_word' id='word_1_219' title='bbox 531 4226 610 4274; x_wconf 77' lang='lat' dir='ltr'><strong>supra</strong></span> <span class='ocrx_word' id='word_1_220' title='bbox 632 4228 656 4274; x_wconf 86' lang='lat' dir='ltr'><strong>p.</strong></span> <span class='ocrx_word' id='word_1_221' title='bbox 680 4213 739 4260; x_wconf 67' lang='lat' dir='ltr'><strong>tta.</strong></span> 
     </span>
    </p>
   </div>
   <div class='ocr_carea' id='block_1_6' title="bbox 0 0 1562 5046">
    <p class='ocr_par' dir='ltr' id='par_1_8' title="bbox 0 0 1562 5046">
     <span class='ocr_line' id='line_1_35' title="bbox 0 0 1562 5046; baseline 0 0"><span class='ocrx_word' id='word_1_222' title='bbox 0 0 1562 5046; x_wconf 95' lang='lat' dir='ltr'><strong> </strong></span> 
     </span>
    </p>
   </div>
  </div>
 </body>
</html>
