3114 5046
329 421 392 484 692
534 399 629 499 Cup.
647 398 708 474 ΙΙ.
753 395 814 472 De
831 399 1023 474 somate
1043 399 1216 474 lectionis

168 603 254 701 5.,ιᾶ
269 601 410 647 nimam
441 580 578 649 eaedem
607 583 680 647 sine
709 577 826 646 fraude
849 578 963 645 iacere
985 581 1147 665 poluisse
1191 573 1307 651 wo)
1327 598 1384 669 ago

257 689 262 698 ¹
326 706 416 789 ipse,
443 706 536 771 tecto
557 704 615 768 illo
637 703 843 785 disturbato,
871 703 901 766 si
923 699 1025 767 hodie
1043 702 1228 786 postulem,
1251 699 1385 787 quodni

325 829 385 892 nui
405 826 490 893 ciam
512 825 635 892 iactum
659 826 719 911 sit,
748 828 785 889 tu
807 826 866 888 aut
888 841 949 907 per
970 823 1130 888 arbitrum
1151 824 1318 889 restium
1335 828 1386 887 oui

325 947 508 1032 sponsione
529 946 762 1013 condemneris
778 962 920 1011 necesse
939 948 1002 1010 est.
1030 943 1127 1010 Nunc
1144 943 1213 1011 hoc
1234 944 1386 1029 probabis

324 1072 407 1135 uiris
432 1069 571 1152 talibus,
604 1085 677 1134 cum
704 1067 888 1134 aedilicium
917 1070 975 1132 tuo
1006 1067 1077 1131 iure
1105 1064 1299 1132 disturbare
1326 1084 1384 1130 non

325 1192 492 1276 potueris,
525 1188 612 1275 quod
644 1195 752 1273 esset,
783 1186 1053 1275 quemadmodum
1081 1191 1120 1253 tu
1147 1191 1231 1275 uis,
1253 1189 1291 1252 in
1318 1191 1387 1271 luo,

323 1310 491 1394 homines,
513 1312 569 1396 qui
591 1311 623 1375 in
647 1329 687 1376 eo
701 1309 852 1378 aedilicio
869 1311 1008 1395 luerint,
1023 1313 1059 1375 te
1076 1314 1136 1375 tuo
1151 1311 1224 1375 iure
1241 1311 1386 1395 poluisse

324 1424 511 1498 occidere?
558 1479 562 1486 .

385 1551 437 1616 5t.
463 1548 582 1625 ΛΡΝ)
604 1571 724 1618 seruus
745 1572 837 1619 meus
859 1574 926 1618 non
948 1556 1135 1638 comparet,
1156 1554 1211 1639 qui
1229 1554 1326 1618 uisus
1340 1557 1387 1618 cst

322 1692 395 1740 cum
417 1676 493 1739 tuis
525 1669 643 1747 ΜΝ)
666 1693 747 1742 casa
769 1694 842 1740 mea
864 1679 917 1741 est
938 1676 1076 1741 incensa
1096 1693 1117 1739 a
1139 1675 1215 1739 tuis.
1239 1672 1386 1758 Quidni

320 1793 405 1863 haec
423 1789 672 1883 respondeam?
695 1793 837 1864 Ostendi
853 1797 938 1863 falsa
954 1814 1044 1862 esse:
1060 1798 1291 1863 uerumtamen
1307 1815 1386 1864 eon-

321 1917 448 1984 fitelror.
481 1915 569 1999 Quid
592 1910 740 2002 postea?
761 1919 837 1985 lloc
851 1919 1018 2003 sequitur,
1039 1920 1077 1983 ut
1096 1918 1220 1984 familia
1235 1918 1290 1984 M.
1305 1919 1385 1984 uuili

320 2039 451 2106 concidi
474 2032 694 2125 oportuerit?
715 2040 781 2105 Vix
801 2039 1004 2125 mehercule,
1025 2045 1064 2103 ut
1078 2042 1203 2106 corium
1219 2041 1294 2125 peti
1301 2060 1311 2128 3
1332 2041 1384 2104 uix

319 2165 356 2226 ut
377 2163 517 2250 grauius
532 2163 760 2244 expostulari:
782 2180 913 2244 uerum,
934 2164 971 2225 ut
989 2179 1084 2227 esses
1098 2160 1313 2248 durissimus,
1331 2161 1384 2250 agi

319 2283 450 2368 quidem
477 2285 602 2348 usitato
631 2284 703 2349 iure
731 2287 766 2348 et
796 2281 964 2348 cotidiana
984 2284 1119 2350 actione
1141 2283 1265 2366 potuit.
1301 2281 1383 2365 Quid

318 2424 404 2489 opus
433 2403 497 2468 fuit
525 2395 590 2468 ui?
623 2402 702 2489 quid
728 2405 865 2470 armatis
893 2396 1110 2470 hominibus?
1142 2403 1223 2492 quid
1250 2397 1384 2473 caede?

318 2525 396 2611 quid
418 2518 615 2614 sanguine?

380 2645 432 2710 55.
466 2646 515 2712 At
551 2647 637 2713 enim
674 2651 903 2738 oppugnatum
936 2666 987 2714 me
1023 2647 1171 2714 fortasse
1202 2651 1381 2715 uenissent

316 2765 411 2833 llaec
441 2771 494 2834 est
523 2770 651 2834 illorum
679 2770 714 2833 in
736 2788 838 2837 eausa
860 2769 991 2855 perdita
1013 2775 1163 2836 extrema
1186 2789 1257 2835 non
1280 2773 1379 2836 oraiio

315 2907 424 2974 neque
447 2890 614 2975 defensio,
644 2890 705 2956 sed
735 2894 929 2958 coniectura
951 2896 985 2956 et
1008 2893 1101 2976 quasi
1124 2890 1301 2958 diuinatio.
1332 2893 1378 2957 iili

315 3018 543 3099 oppugnatum
566 3013 698 3076 uenturi
722 3005 846 3077 erant?
873 3006 1008 3095 Quem?
1034 3013 1183 3079 Fabium.
1205 3011 1285 3096 Quo
1301 3034 1379 3082 con·

312 3125 419 3198 silio?
447 3131 494 3199 Ut
517 3133 720 3199 occiderent.
753 3132 857 3215 Quam
881 3136 924 3201 ob
946 3127 1107 3201 causam?
1130 3132 1279 3216 Quidni
1303 3156 1376 3221 pro-

312 3247 480 3319 ficerent?
510 3251 574 3335 Qui
591 3248 809 3338 comperisti?
836 3257 899 3342 Ei,
921 3260 1039 3322 utrem
1056 3258 1270 3341 perspicuam
1288 3277 1375 3344 quam

312 3375 520 3458 paucissimis
542 3377 654 3442 uerbis
676 3396 790 3465 agam,
813 3376 955 3443 dubitari
978 3377 1041 3444 hoc
1064 3381 1193 3462 polest,
1216 3379 1373 3466 Recupe-

310 3498 461 3581 ralores,
488 3500 554 3561 utri
577 3517 793 3587 oppugnasse
816 3499 1008 3585 uideaniur,
1036 3500 1090 3584 qui
1112 3499 1154 3564 all
1180 3501 1294 3567 uillam
1317 3519 1372 3566 ue·

343 3790 407 3856 eiu)
420 3794 552 3858 Pepronos
566 3808 580 3846 a
594 3794 708 3846 Codice:
870 3795 1046 3858 dolbmpenn's
1058 3792 1147 3858 (1825.
1163 3809 1224 3861 pag.
1237 3798 1314 3849 1250.
1324 3798 1371 3846 Λιι-

448 3894 665 3935 rorurssorooo.
872 3884 924 3934 nai.
952 3880 1150 3947 Heidelberg-l:
1178 3889 1306 3947 potuisse.
1340 3885 1371 3934 To

309 3968 403 4033 itaqua
422 3982 481 4022 cum
497 3974 574 4023 Maio
594 3974 694 4024 edidit:
711 3973 813 4033 potuis·
868 3986 925 4037 epo.
936 3971 1123 4023 -Huaonlius
1135 3974 1257 4038 denique
1270 3975 1368 4028 sicuti·

307 4065 356 4108 sat.
374 4059 443 4122 Epo.
461 4084 492 4094 —
505 4060 616 4111 Batenos
634 4073 693 4111 eum
707 4071 813 4111 censore
869 4068 1021 4112 contortum
1036 4063 1135 4123 recepi.

308 4146 410 4196 lenensi
425 4155 452 4199 et
471 4148 569 4199 Orellio
588 4151 620 4202 da
640 4152 809 4200 coniectura:
903 4146 965 4214 220)
985 4149 1068 4201 Com:
1088 4162 1138 4200 no.

305 4236 430 4294 poluisse.
456 4237 522 4302 Epo.
548 4239 616 4290 Tum
638 4251 728 4290 cantor
748 4236 811 4287 llei-
