3114 5046
353 414 415 478 276
450 411 546 515 Gap.
572 415 607 489 1.
661 412 833 490 Daiara
860 437 1020 489 romane
1048 411 1311 491 cassamus.

352 628 453 670 unum
483 608 574 671 uelut
601 628 718 693 corpus
745 606 908 671 collectae.
961 606 1108 694 Lugduni
1142 607 1231 671 1554.
1258 604 1311 671 foi.

352 711 528 775 349-475.
552 732 584 796 p.
600 710 757 774 475-78.
781 732 812 796 p.
834 712 905 774 476.
927 732 993 796 seq.
1018 743 1055 754 -
1081 709 1175 773 Conl.
1193 731 1223 796 p.
1240 709 1311 774 272·

414 850 460 914 M.
472 852 547 914 Ant.
563 849 699 913 Ferrarii
707 849 922 937 Epistolarum
936 849 1010 913 libri
1022 871 1087 912 sex.
1096 848 1241 913 Venetiis
1254 850 1311 917 17³

414 990 510 1053 Henr.
536 989 695 1055 Constant.
722 989 800 1053 Cius
832 989 1023 1053 Dissertatio
1048 988 1181 1052 iuridioa
1204 988 1312 1076 inaug·

352 1114 414 1178 qua
450 1093 611 1180 specimen
657 1091 924 1179 iurisprudentiae
964 1092 1192 1156 Ciceronianae
1228 1090 1312 1156 exhi!

352 1195 421 1259 siue
451 1197 640 1260 Ciceronem
668 1196 782 1259 iustam
814 1217 869 1281 pro
900 1197 938 1258 A.
968 1195 1103 1258 Caecina
1134 1215 1278 1258 caussam
1304 1219 1312 1257 s

354 1298 542 1362 ostenditur.
587 1297 734 1386 Lugduni
759 1300 953 1362 Batauorum
978 1299 1068 1362 1769.
1094 1297 1123 1361 4.

420 1401 454 1464 C.
477 1404 519 1466 A.
566 1399 684 1464 Jordan
721 1400 888 1488 Specimen
929 1399 1153 1485 quaestionum
1189 1398 1312 1464 Tulliar

357 1502 570 1568 Halberstadii
598 1504 688 1570 1834.
713 1503 743 1574 4,

419 1608 473 1670 W.
506 1608 671 1672 Dmmann
696 1606 888 1673 Geschichte
918 1607 1016 1669 Roms
1041 1603 1124 1669 nach
1151 1603 1312 1671 Geschiea

357 1709 393 1771 T.
419 1710 458 1772 V.
482 1733 512 1796 p.
537 1711 692 1778 aas—⁴3.

846 1947 883 2034 s.
908 1948 945 2015 1.

612 2107 666 2175 De
687 2107 896 2175 meduane
917 2111 1168 2174 cmttrouerria.

422 2249 560 2331 Triplex
589 2251 623 2313 in
654 2249 827 2334 proposita
856 2249 1008 2314 oratione
1034 2251 1311 2315 commemoratur

359 2371 550 2455 contentio,
573 2388 658 2457 quac
685 2371 773 2436 inter
793 2369 836 2434 A.
857 2369 1033 2436 Caecinam
1055 2373 1157 2456 atque
1180 2365 1219 2438 S.
1243 2369 1313 2438 Aa!

360 2493 608 2579 intercesserit,
640 2492 745 2577 prima
770 2489 812 2557 de
838 2486 1047 2558 Caesenniae
1076 2489 1288 2580 hereditate,

361 2615 403 2681 tle
419 2612 522 2680 fundo
544 2611 707 2699 quodam,
728 2611 924 2679 Fulciniano
939 2613 1085 2694 nomine,
1107 2615 1215 2677 utrum
1231 2607 1313 2679 §.A

395 2844 422 2912 1)
440 2847 472 2897 ln
495 2848 546 2897 hoc
573 2846 710 2896 uolumina
731 2843 864 2896 nubantur
920 2842 1064 2894 morandus
1091 2842 1142 2893 mit
1169 2844 1248 2894 etiarn
1279 2842 1313 2896 W

362 2936 486 2991 etiamad
503 2937 650 2986 orationem
662 2947 710 2996 pro
725 2932 861 2994 Quinctio,
919 2930 1098 2991 munniiibar,
1114 2933 1256 2993 inscriptus
1266 2929 1314 2984 (iat

362 3038 443 3090 quam
463 3027 600 3086 superiora
616 3023 683 3075 libro
701 3027 792 3072 nostro
806 3020 864 3072 iilu-
919 3022 1000 3072 Roma
1020 3052 1028 3069 .
1048 3053 1057 3069 .
1079 3058 1085 3072 .
1107 3021 1173 3071 nasis
1197 3018 1313 3073 Garama

362 3111 751 3172 sirauimus‚Antons's'1.usslti
775 3110 865 3160 Vican-
920 3111 952 3159 T.
978 3109 1028 3157 iii.
1054 3121 1081 3170 p.
1104 3108 1140 3159 82
1159 3133 1190 3144 -
1209 3107 1255 3158 84.
1292 3109 1314 3161 '1

361 3198 620 3263 tastamentum.
641 3196 749 3264 1-s.),
779 3198 864 3248 Fron·
920 3196 1053 3248 aaa-34.

362 3292 422 3343 assi
446 3289 531 3354 soluit·
556 3288 681 3338 Amanus
704 3293 863 3338 commenta·
954 3282 982 3350 2)
1001 3285 1105 3347 Quibus
1126 3288 1184 3337 aiut
1203 3286 1314 3349 operis}

362 3381 416 3429 rius
435 3374 474 3441 (p.
494 3375 636 3434 6-291,
664 3375 865 3426 Bartholomcai
921 3374 1088 3426 doctissimus
1096 3373 1139 3424 iile
1148 3381 1175 3425 et
1183 3376 1314 3427 acutissin

361 3466 468 3517 Latonas·
479 3464 579 3515 scholia
599 3461 636 3528 (p.
653 3460 794 3526 29-36.)‚
814 3463 865 3513 Ma·-
921 3463 949 3514 iii
967 3467 1161 3514 commentator
1174 3467 1313 3526 proposita

363 3554 430 3605 cmii
458 3552 570 3602 rostras
595 3554 800 3602 commentarius
824 3547 862 3615 (p.
921 3565 977 3603 sam
1015 3553 1217 3615 orationemque
1255 3559 1314 3605 tras

362 3638 506 3704 36-74.),
527 3641 609 3692 Cosls'i
631 3639 744 3690 Secunda·
766 3641 865 3693 scholia
922 3641 1021 3692 uideris
1046 3644 1073 3691 in
1100 3642 1217 3703 praefixo
1242 3642 1314 3694 inas

363 3725 555 3795 (μη-81),
575 3729 701 3779 lanciani
717 3729 865 3780 Commoris·
921 3743 990 3779 rum.
1028 3729 1114 3792 Supra
1128 3733 1157 3780 in
1175 3730 1289 3782 exordio
1303 3730 1314 3783 Ι

363 3821 507 3873 adnotatio.
555 3817 675 3879 Quorum
715 3817 803 3882 saluii
821 3816 864 3867 iiie
922 3820 957 3867 mi
985 3818 1083 3869 idcireo
1113 3818 1216 3870 iliarum
1252 3822 1314 3883 apis

364 3909 566 3961 commentarius
579 3909 660 3959 etiam
673 3909 699 3956 in
711 3905 864 3969 supradicto
922 3907 1083 3959 mentionem
1098 3906 1186 3958 iacere
1199 3920 1314 3970 superse

364 3997 492 4058 Corpore,
512 3996 584 4058 qnod
603 3996 722 4046 Basiieaa
738 4007 762 4044 a.
783 3991 864 4044 1539.
922 3995 997 4057 pium
1015 3995 1048 4046 ad
1070 3995 1260 4057 Quinctianam
1292 4010 1315 4061 qt

365 4085 476 4148 prodiit,
496 4090 574 4135 extat.
595 4108 626 4118 -
655 4083 777 4147 Denique
799 4083 865 4132 haec
922 4083 1108 4135 Caecinirnam
1123 4081 1315 4136 amarantus!

365 4176 453 4225 omnia
468 4173 502 4223 ad
519 4172 577 4222 iibri
590 4175 642 4224 mei
656 4175 733 4235 primi
748 4176 828 4233 eaput
840 4171 862 4219 i.
921 4175 1027 4234 carpsit.

366 4277 392 4326 ρ.
411 4263 436 4312 1.
455 4263 559 4312 adiecta
577 4259 665 4317 uolui,
685 4261 730 4311 ubi
750 4272 865 4311 comme·
