3114 5046
145 347 226 432 t&
280 344 342 423 Do
357 350 520 424 actiones
537 350 623 422 aare
639 354 676 421 et
688 348 939 446 formuluoe
967 346 1094 449 oripo.
1132 347 1192 411 tat

194 538 316 622 ltaque
337 555 405 601 non
427 536 532 601 solum
554 533 690 600 absurdi
712 535 792 600 niirii
816 536 927 623 halet,
948 536 1037 622 quod
1058 536 1110 602 M.
1124 538 1197 603 Lu·
1239 556 1366 601 ruunt

145 659 242 727 tulius
260 657 423 744 familiae
442 659 610 722 mentione
630 676 751 722 nouum
770 677 864 722 suum
882 657 1036 725 iudicium
1051 659 1226 726 circum-
1215 614 1368 772 ⁹12¹?

145 782 285 868 etipsa,
305 779 367 846 sed
390 778 545 863 prudenti
567 779 709 846 consilio
732 777 765 844 id
787 780 901 869 egisse
923 778 1072 865 uidetur,
1093 783 1131 846 ut
1154 798 1196 845 ne
1215 742 1328 782 ww
1338 733 1367 774 n.

145 903 268 969 mirllce
289 900 332 966 de
353 903 386 966 ui
409 902 581 987 quaestio,
610 899 709 966 ualde
739 906 819 967 tunc
849 919 891 967 ac
920 902 1053 986 publice
1075 920 1198 968 ncces-

145 1026 241 1111 aria,
267 1026 327 1089 aut
354 1021 598 1088 dissolueretur
624 1025 684 1087 aut
711 1023 853 1107 priuatis
874 1023 964 1089 iorte
987 1022 1199 1108 praeiudiciis

145 1146 406 1228 toeturberetur,
426 1142 571 1229 denique
585 1161 790 1229 quacumque
807 1145 939 1209 ratione
957 1143 1199 1211 debilitaretur.

195 1262 325 1335 Contra
345 1266 468 1331 nemini
491 1263 624 1329 dubium
647 1265 729 1353 init,
757 1268 836 1352 quin
858 1267 991 1351 publico
1014 1266 1135 1333 iudicio
1157 1285 1199 1332 eo

145 1388 240 1455 aium
263 1387 396 1452 nominc
417 1387 556 1472 quisque
579 1388 769 1473 teneretur,
792 1387 882 1473 quod
903 1407 967 1455 suo
988 1392 1099 1471 ipsias
1120 1388 1198 1455 doto

145 1514 172 1579 ri
191 1512 330 1599 pectam
351 1513 453 1576 caret.

196 1630 247 1697 At
269 1628 383 1697 hercle
410 1628 492 1695 niiril
521 1629 585 1695 init
612 1630 807 1715 potentibus
834 1631 1068 1717 opulentiaque
1090 1630 1199 1697 homi.

145 1752 233 1821 ribus
262 1750 396 1835 facilius
425 1768 521 1836 quam
547 1768 719 1816 seruorum
753 1751 937 1816 ministerio
965 1770 1059 1816 suum
1088 1751 1198 1818 dolum

145 1891 254 1965 egere
291 1876 326 1939 et
363 1872 637 1957 improbissimum
669 1871 823 1957 quodque
856 1872 1004 1959 facinus,
1043 1872 1132 1958 quod
1164 1876 1199 1938 in

145 1996 317 2087 uuginqua
351 1994 498 2060 iomasse
532 1995 749 2080 possessione
784 1997 843 2060 aut
879 1996 1103 2084 instigassent
1139 2001 1198 2060 aut

145 2134 306 2185 cruorum
327 2134 463 2180 suumn
485 2114 655 2181 ferocitati
678 2115 919 2201 permisissent,
940 2116 1063 2201 publici
1087 2115 1197 2182 iudicii

145 2237 308 2306 teneritati
340 2238 476 2322 penitus
506 2235 729 2327 subtrahero:
762 2222 941 2322 quinetiam
984 2237 1199 2322 promptissi-

145 2378 218 2427 aum
240 2360 426 2425 malitiosae
448 2362 672 2443 uersutaeque
693 2359 866 2444 potentiae
889 2359 968 2445 fuit,
990 2359 1199 2449 alienigenas

145 2500 254 2549 ternos
282 2481 486 2570 ignotosque
514 2478 693 2567 adhibere,
724 2483 793 2544 tum
824 2485 985 2547 nocentes
1015 2499 1058 2547 ex
1089 2482 1198 2547 altero

145 2601 239 2669 irndo
270 2619 399 2692 agroue
429 2603 463 2666 ln
491 2603 631 2667 alterum
662 2600 866 2687 transferre,
902 2604 1003 2687 atque
1038 2602 1198 2668 eiusmodi

145 2723 309 2791 'raudibus
324 2723 509 2790 ntuentium
527 2741 660 2809 quoque
679 2723 847 2788 actionum
867 2721 989 2789 effectu
1009 2724 1198 2809 solatioque

145 2845 298 2912 nimicum
321 2845 467 2930 priuare.

196 2966 274 3033 Hoc
296 2967 400 3057 igitur
419 2967 495 3032 loeo
517 2966 661 3050 sapienti
691 2965 832 3031 consilio
860 2959 911 3030 Μ.
932 2962 1102 3031 Latmllns
1124 2967 1198 3051 pri-

145 3091 246 3155 uatum
269 3108 364 3153 suum
385 3105 426 3154 ac
449 3089 591 3172 poenale
614 3085 766 3153 iudicium
790 3088 1008 3172 interposuit5
1036 3107 1103 3152 non
1132 3108 1197 3174 quo

145 3210 301 3277 rubiicam
324 3210 552 3295 quaestionem
576 3209 823 3294 periclitaretur
844 3209 956 3273 uiioue
978 3208 1075 3274 ruodo
1090 3208 1198 3275 derui-

145 3334 265 3419 rueret,
286 3333 382 3397 immo
405 3350 470 3416 quo
494 3329 721 3396 eiiicacissime
742 3327 918 3396 adiuuaret
940 3349 981 3398 ae
1007 3334 1198 3397 necessario

145 3451 277 3542 pedam
299 3454 532 3541 supplemento
553 3454 707 3541 augeret·
781 3506 784 3513 .

196 3574 333 3641 Etenim
362 3574 524 3640 latebram
547 3574 634 3638 iiiuru
658 3574 755 3656 petiit
777 3571 1043 3662 defendentium,
1069 3576 1198 3662 impru.

145 3696 293 3767 lentibus
313 3712 390 3761 sese
411 3695 590 3780 inuitisque
611 3693 794 3783 accidisse,
822 3714 909 3781 quae
937 3695 1060 3761 familia
1082 3716 1143 3763 sua
1165 3700 1198 3762 ui
1264 3726 1268 3732 ·

145 3818 323 3886 luminibus
349 3817 487 3882 armatis
513 3816 684 3882 coactisue
719 3818 959 3899 commisisset3
995 3822 1097 3902 atque
1128 3836 1198 3902 eos,

145 3940 270 4007 tubiico
293 3937 423 4023 quidem
445 3935 566 4003 iudicio
589 3940 691 4023 tutos,
712 3937 846 4021 priuato
869 3942 979 4003 taruen
1001 3955 1041 4004 ac
1064 3941 1198 4023 poenali

145 4058 258 4127 udicio
280 4059 449 4148 alligauit,
480 4059 659 4123 iustissime
686 4064 797 4146 ratus,
825 4060 858 4123 in
889 4059 1091 4144 quotidianis
1120 4063 1198 4146 qni-

145 4180 209 4249 iem
231 4181 438 4271 singulorum
460 4180 624 4246 hominum
654 4178 787 4249 delictis
811 4182 934 4249 noxale
956 4183 1008 4248 ius
1029 4180 1197 4268 sulficere,
