3114 5046
182 675 251 716 rietus

336 359 399 421 3¹2
437 355 533 458 Cup.
559 357 593 431 1-.
645 353 707 431 Du
731 360 816 434 iure
842 380 1002 434 suessae
1029 355 1300 434 aneinimu.

170 562 317 613 vermos.
400 554 506 624 Simili
527 558 659 624 ratione
681 576 701 624 a
723 561 820 642 purte
841 557 1038 624 dmwteudts
1059 559 1312 642 procuratorem

181 620 250 660 naim
278 631 317 660 ns·

337 683 545 767 punxerunt,
574 679 669 764 qnia,
699 679 754 745 nbi
776 677 928 744 dominus
950 677 1140 744 mandasset
1162 682 1312 745 ratumne

336 801 480 881 buisset,
502 805 617 888 ipsum
638 798 802 866 deiecisse
816 798 1024 883 iudicabunt,
1038 801 1123 865 aiius
1135 819 1203 865 non
1221 800 1312 867 desti

335 921 396 989 sed
418 925 524 1008 ipsum
545 926 808 1009 procuratorem
829 921 1002 987 conueniri
1023 913 1243 1002 uoiebent.³³)

399 1041 577 1110 Fumtiioe
601 1046 712 1109 autem
735 1045 934 1108 mentionem
952 1041 1078 1110 ideireo
1101 1060 1312 1111 eonserusuu

336 1166 430 1251 quis,
451 1165 579 1230 etiamsi
602 1163 694 1229 nniio
715 1161 813 1229 modo
830 1165 1035 1230 uoluntatem
1052 1182 1145 1230 suam
1162 1162 1312 1231 dominus

336 1283 596 1369 commodasset,
625 1283 836 1351 nihilominus
859 1284 1004 1350 iemiiiue
1032 1287 1163 1350 nomine
1184 1285 1233 1350 ita
1254 1288 1312 1352 ten

337 1413 409 1491 tur,
429 1411 468 1473 ut
483 1407 601 1472 ieuiori
617 1409 728 1472 temen
742 1404 941 1472 restituendi
954 1423 1102 1495 genere,
1124 1405 1188 1473 iroe
1209 1410 1263 1473 est
1280 1424 1312 1473 so

337 1528 494 1595 dedum
516 1533 551 1594 et
571 1528 662 1619 proed
683 1528 732 1595 ad
751 1547 789 1595 se
809 1531 1028 1616 peruenisset
1044 1527 1220 1593 reddendo
1237 1545 1312 1615 exp

337 1667 375 1716 se
397 1646 571 1736 pouset³⁴)

339 1839 454 1878 «seruus
471 1827 517 1880 uui
538 1832 694 1889 procurator
711 1826 756 1878 uei
770 1826 840 1878 eoio·

340 1929 413 1967 enus
440 1921 551 1977 uuest,
582 1916 706 1967 domiuus
731 1914 840 1967 uidetur

339 2005 517 2068 «possideres
544 2009 572 2057 ut
589 2005 651 2057 ideo
669 2005 710 2055 iris
729 2003 839 2056 deiectis

337 2097 416 2155 «ipsu
440 2093 518 2144 deiiei
534 2092 568 2144 du
586 2093 752 2155 possessione
764 2093 839 2144 uide·

338 2186 424 2242 atur,
436 2183 537 2232 etiamsi
544 2183 647 2244 ignoret
657 2194 701 2232 eos
710 2180 837 2240 deiectos,

338 2283 409 2333 uper
422 2282 488 2331 quos
501 2267 663 2331 possidebat.
700 2268 735 2318 iit
745 2269 768 2317 si
778 2268 839 2327 uuis

337 2361 442 2423 nuptur-
460 2357 543 2420 nllus,
571 2370 619 2420 per
648 2370 729 2420 quem
756 2357 839 2417 possi-

338 2446 475 2509 «denam,
501 2447 621 2500 deiectus
644 2445 744 2507 iuerit,
773 2445 838 2496 mihi

337 2542 509 2600 «competere
530 2536 719 2596 interdictum,
739 2536 838 2586 nursini

337 2626 473 2678 «dubium
486 2629 578 2677 ust.-
598 2621 685 2688 §.dd
704 2624 782 2686 did„
794 2635 839 2674 eu·

336 2718 378 2765 ius
396 2714 445 2765 ioei
462 2713 545 2766 uerba
562 2713 624 2766 uide
638 2726 717 2776 supra
731 2726 758 2776 p.
776 2712 837 2762 191.

337 2810 393 2855 not.
412 2802 457 2854 tu.
477 2828 509 2839 -
529 2802 654 2854 Suutuu'us
671 2802 689 2851 i.
709 2801 727 2852 i.
748 2799 778 2865 ss·
793 2800 836 2850 33.

337 2907 364 2955 p.
382 2891 446 2943 teu.

371 2977 416 3046 33)
434 2981 465 3031 L.
489 2982 515 3031 1.
541 2977 593 3043 §5-
619 2977 749 3029 is-at.
769 2977 797 3027 h.
815 2983 834 3027 t.

337 3069 495 3121 «Deiecissu
518 3074 608 3120 autum
627 3069 707 3119 utiam
728 3069 750 3117 is
763 3065 838 3116 uide·

338 3163 420 3220 «tur,
440 3159 487 3221 qui
499 3157 637 3209 mandauit
649 3156 693 3207 uui
705 3157 790 3216 iussit,
808 3162 838 3205 ut

338 3247 454 3310 uaiiquis
472 3246 649 3298 deiicereturs
669 3246 745 3306 parui
765 3244 836 3294 enim

337 3335 457 3387 «reterre
470 3337 557 3385 uisum
572 3339 630 3392 est,
649 3336 703 3382 uuis
716 3333 837 3382 munibus

337 3426 420 3487 aquis
433 3423 540 3474 deiiciat
551 3434 585 3472 an
605 3434 669 3472 uero
688 3421 835 3482 puralium.

337 3511 448 3573 «Quare
469 3512 537 3560 etsi
558 3507 656 3558 iamiiia
668 3521 727 3560 mus
746 3522 777 3559 ur
790 3522 836 3558 uo·

337 3599 460 3649 aiuntste
477 3610 536 3650 mee
558 3598 704 3658 deistunt,
725 3610 775 3661 ego
797 3600 838 3647 ui-

337 3688 425 3738 ndeor
452 3686 607 3739 deiecisse.
630 3722 636 3735 .
659 3721 695 3735 ..
726 3685 837 3747 Quoties

337 3789 438 3826 «uerus
449 3782 605 3838 procuretur
618 3776 762 3836 deiecerit,
776 3787 837 3824 oum

337 3880 350 3909 ιι
361 3864 486 3917 utrolibet
506 3880 618 3926 eorum,
648 3865 675 3914 id
698 3870 753 3923 est,
780 3867 836 3916 siue

338 3953 469 4005 udomino
493 3957 549 4006 siue
575 3962 764 4017 procursione,
796 3956 836 4018 ugi

337 4056 351 4085 s
360 4054 436 4103 posse
449 4042 564 4093 seusam
575 4046 612 4093 uit
625 4078 632 4091 .
649 4077 655 4090 .
672 4077 679 4091 .
698 4054 753 4093 non
766 4044 836 4092 unim

337 4145 350 4174 u
360 4136 500 4182 excusatus
521 4137 561 4183 est
575 4134 621 4192 qui
641 4134 713 4183 iussu
725 4131 835 4183 aiiouius

336 4234 350 4263 s
359 4219 467 4278 deiecit,
480 4230 534 4269 non
546 4221 627 4282 magis
641 4220 751 4282 quamsi
762 4221 834 4269 iussu

896 1824 1029 1876 «suemus
1059 1824 1166 1876 ooeidit.
1214 1822 1284 1876 Cum
1310 1845 1312 1873 ι

897 1927 912 1958 ι
921 1912 1001 1964 iaisus
1014 1918 1055 1965 est
1066 1917 1240 1975 procuratur,
1259 1925 1312 1966 eu

898 2006 1023 2053 «tantum
1034 2008 1207 2064 procuratore
1218 2003 1312 2057 interd

897 2090 994 2143 ubere.
1040 2090 1133 2142 Suttnt
1164 2094 1301 2145 sententia

897 2172 1015 2232 «est.'-·
1040 2179 1094 2232 Sed
1108 2186 1135 2231 et
1147 2182 1169 2230 si
1184 2180 1258 2243 quod
1269 2179 1312 2234 siit

896 2271 984 2321 «iuuit
1003 2273 1091 2319 rutum
1112 2269 1247 2332 minero,
1267 2282 1312 2322 sus

896 2364 1013 2420 «putent
1036 2358 1184 2411 seeundum
1212 2358 1312 2411 Sutura

897 2447 1063 2506 «Castum,
1100 2452 1146 2512 qui
1183 2446 1312 2500 ntihuhii

896 2536 1045 2587 «mandato
1062 2541 1233 2598 sumperunt,
1252 2549 1296 2588 stu

898 2623 1049 2676 «deiecisse
1072 2625 1312 2687 interdietoqnuie

897 2716 996 2764 sueri:
1016 2719 1043 2764 et
1055 2713 1210 2764 heduorum
1219 2719 1271 2766 usi.
1290 2714 1312 2766 ii

897 2804 990 2852 renim
1002 2803 1117 2862 dicitur,
1146 2806 1173 2853 iu
1190 2803 1312 2856 maleduio

896 2890 1079 2943 «habitionem
1109 2892 1233 2944 mandato
1265 2904 1312 2951 eos

895 2982 969 3029 uri.»
990 3005 1021 3015 -·
1041 2980 1118 3031 coni.
1132 2981 1164 3031 L.
1177 2981 1204 3032 3.
1225 2979 1310 3046 §M

894 3068 954 3119 eod.
966 3069 996 3117 1..
1012 3069 1072 3120 152.
1085 3066 1138 3132 §d-
1153 3071 1178 3119 1.
1192 3069 1311 3123 ΗΜ

894 3156 1021 3206 suutoius
1038 3156 1056 3206 i.
1076 3157 1094 3207 i.
1115 3170 1142 3220 p.
1161 3157 1224 3208 516.
1243 3172 1305 3223 seq.

928 3241 972 3309 34)
992 3245 1022 3293 Ι..
1045 3246 1070 3295 1.
1094 3243 1123 3309 δ.
1138 3246 1182 3297 15.
1203 3246 1230 3295 ia.
1245 3252 1266 3297 t.
1298 3261 1313 3295 s

895 3334 997 3395 sigitur
1008 3333 1131 3395 additur,
1159 3341 1210 3384 out
1226 3335 1312 3400 sunu

895 3422 1026 3483 «deeuti,
1046 3423 1142 3473 merito
1162 3425 1293 3485 seriptum

895 3523 978 3560 «eum
1006 3524 1112 3570 ossum,
1143 3513 1171 3562 in
1193 3524 1277 3574 quem
1302 3513 1312 3565 i

897 3613 978 3650 umen
1004 3601 1032 3650 ui
1058 3599 1164 3651 deiecit.
1215 3601 1312 3655 Gruter

896 3689 1012 3747 «iussit,
1041 3690 1097 3750 ipse
1122 3689 1241 3741 duieeit:
1271 3705 1312 3745 nui

895 3782 974 3830 «uari
997 3778 1078 3829 debet
1102 3779 1244 3841 dominus,
1272 3794 1311 3845 qu

895 3870 1010 3927 «iussit,
1030 3869 1052 3917 si
1070 3881 1211 3919 seruorum
1225 3883 1312 3922 suoru

895 3962 989 4007 aetum
1008 3963 1173 4017 praestaret,
1195 3962 1245 4010 etsi
1259 3973 1312 4012 non

895 4049 976 4096 «eius
998 4045 1171 4105 deiecerunt;
1192 4061 1256 4099 num
1276 4063 1312 4101 nu

895 4134 1027 4184 «nubitur
1056 4137 1106 4185 hoc
1136 4140 1265 4200 nomine,
1298 4152 1312 4202 u

894 4236 977 4274 neum
998 4231 1044 4276 eut
1064 4227 1187 4287 peruenit
1209 4226 1243 4277 ed
1266 4241 1312 4280 uus
