3114 5046
915 1031 952 1120 S.
976 1033 1011 1104 7.

505 1230 656 1319 Alferms
679 1190 880 1317 Qabrcttum
900 1233 1080 1302 abradens
1099 1240 1194 1303 recte
1221 1231 1424 1321 deseiidnb

902 1375 1021 1426 ιιεοιιθ.

283 1559 322 1626 h}
341 1566 413 1611 rou·
494 1543 550 1611 Ex
571 1543 664 1611 iacto
686 1546 837 1633 constet,
858 1541 1001 1612 Sextum
1021 1544 1198 1631 Alfenum,
1223 1565 1322 1631 quum
1343 1544 1497 1613 Naeuius

264 1629 351 1669 m
430 1665 513 1732 al’.
536 1665 700 1732 Burrieno
726 1666 906 1751 Preetore,
935 1671 973 1732 ut
1004 1668 1094 1733 bona
1121 1665 1268 1749 Quinctii
1297 1686 1341 1732 ex
1373 1666 1495 1733 Edicto

430 1787 638 1876 possideret,
659 1789 888 1876 impetrasset,
909 1806 950 1855 ac
972 1789 1060 1855 bona
1082 1789 1312 1874 proscribere,
1338 1788 1496 1877 singula-

430 1930 501 1976 rum
522 1929 632 1976 rerum
654 1912 902 1995 possessionem
923 1909 1177 1996 adprehendere
1194 1910 1382 1996 coepisset,
1404 1911 1494 1975 illico

431 2035 467 2098 et
498 2033 531 2096 ui
564 2051 726 2117 manuque
757 2033 999 2120 repugnauisse
1029 2035 1064 2098 et
1093 2032 1323 2117 procuratoris
1350 2031 1429 2097 loco
1458 2049 1496 2096 se

432 2154 611 2236 obtulisse,
637 2150 759 2217 exinde
781 2154 815 2216 in
837 2153 908 2218 iure
931 2171 1004 2219 cum
1026 2152 1155 2219 Naeuio
1177 2154 1372 2219 constitisse
1392 2157 1496 2238 atque

431 2273 476 2338 nd
506 2272 725 2358 quodcunque
751 2273 905 2338 iudicium
933 2271 1080 2355 Quinctil
1106 2275 1239 2340 nomine
1262 2273 1496 2358 accipiendum

432 2399 583 2480 paratum
604 2412 642 2460 se
664 2393 870 2480 ostendisse3
891 2394 980 2480 quod
1001 2399 1112 2461 autem
1130 2395 1279 2462 Naeuius
1295 2396 1497 2481 postularet,

431 2519 469 2582 ut
483 2515 663 2583 iudicatum
682 2517 770 2581 solui
790 2514 989 2603 satisdarct,
1009 2518 1239 2600 recusaulssc,
1259 2519 1364 2602 atque
1386 2515 1498 2582 Prae-

430 2641 527 2724 tore,
562 2640 611 2703 uti
642 2638 790 2705 Naeuius
822 2639 1050 2724 postulasset,
1083 2637 1309 2723 decernente,
1342 2637 1498 2702 tribunos

430 2761 540 2846 plebis
570 2761 812 2846 appellauisse3
848 2758 981 2825 tandem
1013 2763 1101 2824 iusta
1130 2759 1374 2825 intercessione
1407 2756 1497 2823 baud

430 2883 654 2948 insecutam
685 2881 868 2948 discessum
898 2900 987 2964 esse,
1019 2884 1055 2946 ut
1085 2879 1201 2946 Idibus
1222 2873 1498 2964 Septembribus,

432 3021 517 3089 quae
545 3005 716 3088 proximae
743 3005 872 3077 essent,
907 2999 1095 3083 Quinctium
1118 3002 1198 3068 vsisti
1230 3000 1381 3067 Alienus
1413 3020 1498 3088 pro-

431 3126 579 3190 mitteret
592 3117 626 3203 ¹).

347 3298 382 3336 s..
495 3280 594 3348 Unde
615 3281 740 3367 duplex
763 3284 868 3347 oritur
890 3283 1060 3367 quaestio:

496 3439 623 3506 Prima:
644 3440 753 3506 Recte
774 3458 818 3504 en
840 3458 1015 3524 perperam
1036 3439 1181 3505 Praetor
1202 3439 1413 3528 decreuerit,
1444 3443 1501 3527 qui

432 3560 611 3628 iudicatum
639 3561 725 3626 solui
756 3560 884 3626 Naeuio
906 3559 1071 3627 satisdare
1100 3560 1258 3627 Alfenum
1289 3567 1501 3648 procurato-

432 3702 502 3749 rem
524 3683 669 3747 iusserit.

496 3803 633 3870 Altera:
655 3798 694 3869 Si
716 3804 810 3868 recte
831 3800 956 3867 dixeris
978 3799 1184 3892 decreuisse,
1206 3807 1316 3869 utrum
1340 3807 1389 3871 ita
1403 3824 1502 3873 com-

434 3927 554 4009 parata
575 3923 724 4008 fuerunt,
755 3941 840 4008 quae
862 3929 939 4008 post
962 3921 1131 3989 decretum
1152 3924 1320 3992 redditum
1342 3930 1504 3997 euenisse

469 4189 1123 4255 nmmanmmmmmm
