3114 5046
261 360 300 436 8.
325 347 362 421 12
414 345 558 420 Indicit
584 349 691 448 oripo
713 355 750 422 ct
772 357 927 423 nutura
1087 350 1125 413 2¹

63 541 154 605 sione
177 540 343 605 bonorum
366 540 401 603 et
422 533 608 604 satisdandi
629 537 831 622 necessitas,
854 555 920 624 qua
940 535 984 604 dc
1004 540 1128 628 agitur,
1146 535 1224 634 „llll
1241 551 1294 589 ¹¹⁸·-

62 668 93 726 et
113 658 269 742 Quinctii
286 660 374 725 iunia
390 649 499 744 [quae
520 659 602 723 iuris
623 659 736 743 potius
751 660 883 724 rationo
898 677 994 746 quam
1007 661 1126 726 Naeuii

61 783 238 848 uoluntate
261 783 296 846 in
320 778 497 847 discrimen
516 770 632 857 uenit]
653 798 819 865 suspensa
843 781 898 863 sit,
919 782 1126 848 nullomodo

59 905 125 970 ficri
149 904 324 990 potuisse,
345 904 424 988 quin
446 900 489 967 de
508 899 634 989 probro
641 950 652 990 ,
675 901 764 986 quod
782 902 901 970 cicero
917 901 1013 992 dicit,
1026 907 1127 991 prieur

59 1046 163 1115 qoam
188 1025 235 1091 de
263 1043 302 1090 rc
325 1015 380 1106 (lc
394 1042 423 1089 e.
446 1021 489 1090 de
514 1022 690 1108 principali
710 1022 828 1089 Naeuii
850 1015 1008 1105 actione]
1034 1022 1125 1109 opud

59 1147 200 1213 iudicem
224 1145 487 1231 disceptaretur,
514 1145 578 1209 nisi
604 1163 666 1209 suo
688 1142 826 1211 decreto
847 1144 993 1211 Praetor
1019 1146 1126 1211 satis-

59 1267 207 1334 dationls
222 1267 480 1352 postulationem
491 1268 683 1352 reiecisset,
697 1265 924 1352 Naeuiunquc
935 1269 1008 1333 sine
1018 1269 1124 1333 satis-

59 1388 196 1455 datione
223 1390 315 1455 litem
341 1389 525 1456 contestari
546 1388 710 1455 iussisset
753 1386 796 1454 ld
808 1406 889 1453 uero
904 1387 1123 1473 Dolabellam,

60 1515 133 1598 quin
157 1510 379 1594 decerneret,
400 1511 517 1576 merito
538 1527 729 1590 recusasse,
750 1526 852 1594 supra
874 1506 1058 1576 docuimus.

116 1633 240 1717 Neque
265 1650 317 1697 me
346 1632 452 1721 fugit,
478 1632 577 1696 aliam
605 1634 784 1717 praeterea
811 1631 898 1696 uiam
927 1648 947 1695 o
975 1627 1122 1712 Quinctii

61 1753 295 1820 defensoribus
327 1750 563 1836 demonstrari,
603 1770 668 1839 qua
703 1750 936 1818 satisdatiouis
970 1752 1121 1836 quaestio

61 1874 209 1958 expediri
230 1875 355 1959 possit,
375 1892 483 1960 neque
497 1876 609 1939 tanen
623 1871 770 1955 Quinctii
791 1872 881 1938 famo
896 1874 931 1937 in
945 1870 1121 1939 discrimen

60 1998 214 2082 uocetur3
238 1995 415 2080 quinetiam
436 1993 499 2062 hoc
520 1996 596 2061 loco
610 1993 784 2061 Praetoris
800 1994 1018 2082 iniquitaten,
1032 1993 1120 2081 quod

60 2136 121 2182 non
143 2115 307 2198 audierit,
328 2111 537 2192 occusori2⁵).

108 2239 272 2304 Nimirum
283 2236 509 2303 condicionem
518 2236 646 2303 Naeuio
659 2237 863 2322 tulerunt,ut
873 2243 1016 2329 uterque
1027 2240 1121 2304 tuter

58 2379 91 2424 re
104 2358 320 2438 saturaret,
343 2377 408 2457 quo
429 2358 521 2424 facio
539 2360 575 2424 et
589 2376 645 2424 res
658 2358 785 2426 Naeuio
801 2362 875 2425 tuta
890 2363 982 2426 essct
996 2361 1119 2438 futura,

57 2483 89 2545 et
100 2481 192 2546 sams
203 2477 361 2561 Quinctio
372 2480 478 2563 salua,
489 2482 611 2565 quippe
623 2483 689 2566 qui,
701 2502 798 2567 quum
809 2483 951 2549 inuicem
961 2484 1046 2548 satis
1056 2500 1118 2549 sc-

57 2605 195 2686 ciperet,
210 2620 254 2666 cx
269 2604 369 2687 paeto
384 2603 418 2666 ct
432 2602 617 2690 uoluntate,
628 2622 695 2668 non
711 2621 754 2667 ex
771 2601 883 2669 Edicti
899 2603 1040 2668 formula
1055 2622 1118 2669 ne-

58 2743 116 2808 que
126 2725 213 2787 luris
224 2724 427 2788 necessitate
441 2727 580 2789 conotus
595 2725 693 2789 ctiam
708 2721 925 2789 satisdedissc
939 2723 1118 2789 uideretur.

115 2844 356 2909 Verumtamen
382 2863 423 2909 ea
450 2844 619 2931 condicio,
650 2850 687 2909 ut
714 2846 912 2931 aequissima
941 2846 1043 2910 fuerit
1075 2846 1116 2910 ari

59 2963 310 3047 paciscendum,
338 2963 589 3051 haudquaquam
617 2966 694 3031 talis
714 2967 794 3052 fuit,
822 2968 950 3054 qualem
975 2966 1118 3032 Praetor

59 3085 192 3152 decreto
204 3086 398 3152 confirmare
407 3092 508 3173 atque
517 3087 644 3153 Naeuio
654 3090 1118 3176 luuiioimponerepoiuisset.

114 3205 206 3288 Quid
228 3199 343 3271 enlm?
365 3228 462 3294 quum
485 3208 605 3274 Edicto
624 3208 797 3275 Praetoris
814 3213 940 3277 certum
954 3208 1116 3297 quoddam

58 3327 309 3394 satisdationem
325 3306 376 3393 lus
391 3331 481 3394 esset
499 3331 731 3417 constitutum,
752 3350 977 3419 caussaeque,
999 3333 1117 3418 qulbus

59 3448 238 3516 otlsdandi
262 3451 448 3516 necessitas
469 3452 687 3535 consisteret,
716 3454 781 3517 tam
804 3454 992 3519 actionibus
1020 3470 1116 3538 quam

60 3572 209 3651 personis
230 3571 363 3637 curiose
379 3569 568 3656 descriptae
591 3590 631 3639 sc
654 3573 781 3659 linita03
807 3576 880 3659 quis
906 3574 992 3640 feret
1007 3573 1116 3639 Prac-

60 3696 174 3776 torem,
199 3695 273 3778 qui,
300 3693 357 3758 ubl
380 3711 421 3758 ex
445 3692 604 3758 ciuusmodi
625 3694 713 3759 iusto
735 3693 874 3780 quadam
897 3714 1017 3762 caussa
1045 3697 1116 3760 liti-

88 4007 131 4070 25)
149 4009 217 4059 Vide
226 4023 252 4059 c.
263 4007 290 4058 il.
301 4009 556 4070 «demonstrabant,
616 4016 678 4061 oter
689 4011 844 4062 satisduroi:
862 4025 915 4062 noo
929 4024 1040 4062 necesse
1054 4026 1114 4062 asso

64 4095 110 4145 *de
127 4110 156 4146 rc
181 4097 313 4147 iudicium
333 4096 393 4147 ilari
415 4105 556 4162 oportere,
615 4099 737 4149 «tamem
754 4099 865 4151 alterius
884 4102 912 4150 iu
927 4101 1056 4152 iudicium
1069 4115 1114 4151 uc·

66 4187 291 4250 minuuntque
304 4187 376 4236 lnior
390 4200 420 4237 ro
432 4194 480 4238 aut
493 4202 557 4238 usu·
616 4190 727 4240 outre.»
745 4188 823 4240 (loni.
837 4203 862 4240 c.
877 4188 919 4240 1³.
931 4194 996 4240 eutr.
1012 4188 1054 4239 lt.
1069 4189 1111 4239 28.
