3114 5046
336 382 397 428 xiv

336 527 422 620 dui,
463 525 579 626 quali·
615 547 732 625 neque
765 524 1028 602 lureconauliis
1061 523 1254 601 iniucunda
1285 547 1404 633 neque

336 687 493 774 caeteri·
520 684 677 761 obscura
698 694 811 759 essen
864 685 923 759 Re
950 688 1031 786 ipsa
1055 683 1143 758 nihil
1166 683 1264 758 aliud
1287 706 1403 760 secu-

335 853 435 918 turus
468 868 546 918 sum
580 845 650 918 nisi
684 865 828 935 eorum,
866 867 957 942 quos
984 842 1179 943 selegero,
1206 842 1403 935 librorum,

301 976 304 983 V
336 1006 511 1104 capitum,
555 1002 718 1080 locorum
748 1025 850 1101 quam
880 1001 1125 1104 plenissimum
1155 1000 1405 1093 iintelleotum3

334 1184 427 1260 quae
450 1185 496 1238 eo
520 1160 729 1238 conducere
747 1159 985 1254 uidebuntur,
1014 1184 1139 1237 eorum
1165 1160 1254 1234 nihil
1280 1182 1405 1259 neque

335 1319 549 1396 detrecmbo
567 1341 685 1418 neque
702 1318 896 1419 defugiam.
947 1315 1068 1420 Cupio
1087 1317 1283 1397 ciceronis
1300 1321 1405 1393 scri-

333 1482 410 1578 ptia
436 1477 634 1556 conciliare
656 1502 759 1579 quam
776 1502 924 1579 possum
944 1477 1180 1580 amplissimas
1204 1481 1403 1578 iur'a'apru-

337 1638 486 1713 domiue
503 1661 652 1737 operae,
672 1638 799 1737 quibua
818 1636 908 1711 nihil
928 1661 1016 1711 sane
1035 1647 1261 1738 potestesse
1281 1659 1405 1736 neque

335 1794 523 1871 honestius
548 1819 673 1895 noque·
687 1795 885 1872 liberalius,
937 1791 1070 1869 Earum
1093 1804 1212 1870 autem
1234 1799 1316 1896 ipsa
1333 1818 1404 1871 oo·

334 1957 395 2055 pia
428 1959 462 2029 si
496 1956 640 2055 quando
677 1959 873 2057 eontigerit
914 1966 953 2028 ut
990 1955 1237 2056 disputatione
1277 1962 1406 2029 nostra

335 2123 552 2213 augeretur,
597 2114 763 2215 adeoque
790 2111 1036 2191 Ciceroniana
1061 2114 1155 2190 haee
1181 2111 1304 2188 studia
1330 2117 1404 2218 ipsi

262 2368 265 2374 ᾗ
335 2274 424 2345 iuris
451 2273 604 2348 Romani
625 2274 843 2373 cognitioni,
871 2281 1047 2372 tamquam
1070 2276 1226 2376 optimae
1248 2276 1403 2367 nutrici,

334 2429 473 2507 fruetus
492 2430 632 2530 aliquos
654 2430 813 2508 reddere
832 2439 939 2532 atque
956 2431 1070 2507 ueluti
1088 2384 1239 2533 gratiam
1256 2434 1405 2509 referre

334 2592 536 2690 potuerint:
567 2633 610 2647 -
651 2591 724 2667 hoe
758 2591 925 2691 equidem
964 2591 1167 2666 aduentitio
1205 2591 1336 2685 luero,
1365 2601 1404 2666 ui

335 2745 631 2845 lureoonsnlttm,
659 2752 695 2823 in
721 2753 832 2827 tacito
859 2753 941 2824 sinu
967 2750 1148 2849 gaudebo.
