3114 5046
330 369 392 432 154
439 366 534 470 Gap.
560 370 595 444 1.
645 367 818 447 Dolore
844 393 1005 445 caussae
1033 368 1301 459 Quinctianae.

170 564 309 676 ,32:22⁸ss
328 559 427 624 etiam
449 558 591 625 tribunis
613 559 721 642 plebis
742 560 883 644 aliisque
898 560 1158 647 magistratibus
1180 560 1214 625 ln
1237 508 1397 644 publico-

185 680 249 719 ..o
293 716 296 721 ·
326 699 397 745 rum
422 679 615 747 iudiciorum
642 681 913 747 accusationibus
939 680 1155 748 instituendis
1182 682 1396 766 quaestioni-

326 802 454 888 busque
499 803 698 870 exercendis
709 796 769 890 ²⁵),
798 821 974 891 persaepe
1017 803 1193 887 oppositus
1229 789 1337 869 fuisse
1374 820 1395 868 a

325 921 551 989 Romanarum
572 943 681 990 rerum
703 924 925 1009 scriptoribus
946 923 1113 990 docemur.

388 1081 655 1167 Neque-ideirco
676 1083 815 1148 alteram
837 1080 925 1148 banc
947 1081 1116 1148 tribunicii
1140 1083 1256 1147 auxilii
1283 1084 1394 1147 retio-

326 1219 401 1268 nem
430 1201 721 1268 demonstrandam
749 1205 882 1290 putaui,
917 1205 994 1289 qula
1023 1206 1118 1270 certa
1147 1204 1260 1289 aliquo
1282 1201 1395 1285 Quiu-

326 1327 459 1390 ctlanae
481 1342 623 1390 caussae
644 1326 772 1390 utilitas
793 1327 865 1390 siue
887 1327 1074 1391 necessitas
1094 1324 1301 1414 flagitasset,
1333 1322 1394 1390 sed

327 1464 368 1510 eo
391 1448 530 1510 maxime
551 1447 709 1531 oonsilio,
737 1465 802 1531 quo
832 1446 1015 1513 faciliorem
1038 1448 1213 1512 transitum
1237 1465 1392 1531 pararem

327 1566 370 1632 ad
392 1568 525 1632 tertium
549 1567 711 1651 quoddam
740 1568 992 1634 intercessionis
1018 1587 1144 1657 genus,
1174 1567 1265 1654 quod
1293 1566 1394 1654 fucta

327 1691 454 1754 tantum
477 1708 544 1753 non
565 1693 642 1754 ture
664 1692 816 1774 constet,
848 1692 950 1774 atque
973 1707 1016 1755 ex
1036 1693 1167 1756 uitiosa
1189 1691 1304 1774 potius
1325 1687 1393 1756 bo·

326 1814 459 1876 notorum
485 1815 618 1876 reaturo
646 1828 743 1895 quem
773 1829 816 1875 ex
846 1812 943 1876 aaut
971 1813 1110 1875 ratione
1130 1810 1206 1876 cotto
1228 1813 1392 1901 originem

326 1929 431 1995 duxit.

389 2053 547 2117 Nimirum
576 2053 777 2136 amplissimo
805 2071 956 2139 quaeque
986 2054 1138 2138 potentia
1166 2054 1200 2117 in
1223 2052 1392 2119 libidinem

327 2173 483 2239 facillime
505 2176 633 2261 uergit,
655 2191 764 2258 neque
785 2193 990 2264 magnopere
1011 2173 1210 2264 mirandum,
1238 2176 1393 2240 tribunos

327 2295 451 2380 plebis,
474 2294 592 2379 quibus
615 2313 659 2359 ex
681 2314 803 2384 magna
824 2300 926 2381 atque
944 2299 1031 2361 iustu
1049 2314 1169 2362 caussa
1185 2300 1392 2381 propterque

326 2435 481 2482 summam
503 2417 680 2480 utilitatem
702 2416 866 2483 aduersus
887 2422 1002 2504 ipsum
1022 2422 1078 2483 ior
1099 2417 1203 2483 cattle
1232 2419 1392 2483 auxilium

326 2538 434 2623 ferre,
457 2537 610 2622 quodque
625 2542 699 2605 tore
715 2539 812 2604 otndl
825 2543 1043 2626 praestaret,
1065 2537 1249 2605 decernere
1264 2540 1392 2625 liceret,

325 2658 504 2745 aliquando
533 2662 631 2724 etiam
659 2664 698 2725 lu
732 2664 832 2746 peius
865 2658 945 2724 inde
978 2659 1147 2743 deulasse,
1184 2662 1393 2744 iniuriaeque

326 2783 537 2849 concessisse
560 2780 647 2866 quod
669 2800 814 2847 summae
835 2784 964 2845 tantum
986 2783 1148 2866 aequitati
1171 2780 1365 2848 deberetur.

390 2900 466 2984 Qua
488 2906 585 2987 parte
607 2905 705 2967 etlam
727 2903 831 2967 maius
854 2905 956 2987 alque
984 2902 1194 2987 frequentius
1221 2906 1392 2991 genuinae

325 3025 519 3109 solidaeque
551 3025 699 3089 iustitiae
729 3024 909 3108 periculum
939 3027 1086 3088 creatum
1116 3041 1192 3088 esse
1214 3025 1391 3098 existimo,

326 3166 423 3232 quum
453 3146 650 3211 tribuniciae
681 3147 861 3229 potestatis
887 3147 1057 3229 naturam,
1089 3146 1305 3231 ipsorumque
1328 3148 1393 3212 iri-

325 3268 487 3333 bunorum
508 3267 617 3351 plebis
649 3265 776 3354 studia,
809 3282 932 3352 mores,
965 3269 1062 3350 acta,
1093 3265 1157 3332 bac
1185 3267 1393 3350 potissimum

326 3385 498 3456 Ciceronis
519 3391 643 3475 celate,
665 3385 853 3453 considero.
896 3386 968 3453 Nec
991 3386 1124 3469 dubito,
1147 3390 1244 3473 quin,
1266 3390 1295 3454 sl
1319 3391 1392 3475 pri-

325 3512 426 3573 uatae
447 3527 504 3574 res
525 3527 565 3574 ac
587 3510 839 3574 controuersiae
861 3508 904 3572 ab
926 3506 1136 3572 historiarum
1165 3511 1393 3593 scriptoribus

327 3633 393 3694 tam
426 3628 605 3718 diligenter
637 3632 812 3693 memoriae
841 3627 1071 3714 traderentur,
1105 3647 1201 3713 quam
1234 3630 1326 3697 bella
1359 3636 1392 3698 et

327 3755 463 3816 caetera
488 3769 573 3835 quae
602 3748 646 3815 ad
674 3750 818 3835 populos
843 3767 978 3834 remque
1007 3750 1170 3832 publicem
1201 3754 1392 3839 pertinent,

327 4033 408 4084 eiiam
427 4034 455 4083 io
474 4034 532 4096 ipss
552 4034 736 4085 iurisdictione
748 4035 828 4084 Prae·
915 4034 1241 4098 tilliuxxxvllhbb.
1254 4035 1391 4099 Getivll.

326 4128 400 4173 toros
417 4121 613 4174 solutissimum
631 4137 827 4188 nonnunquam
885 4126 927 4174 ill.
947 4149 977 4160 -
992 4111 1121 4185 Ltuslll,
1139 4126 1183 4175 at·
1199 4151 1232 4160 -
1249 4126 1350 4178 Acron.
1364 4133 1393 4178 tu

327 4212 519 4262 adhibuerunt.
883 4212 978 4265 Milon.
987 4214 1057 4265 cdl.
1069 4212 1152 4277 (apud
1164 4214 1295 4265 arantum
1305 4216 1391 4281 pti.)
