3114 5046
189 303 221 378 S·
240 292 278 366 7.
303 288 365 365 Δ·.
388 289 455 378 0¹.
473 290 662 366 nisentem
678 300 781 372 reete
797 291 1008 390 defenderit
1024 296 1150 368 nmio,
1191 293 1250 357 iii

248 477 340 561 Quid
361 481 465 569 igitur
486 483 556 566 eet,
583 480 672 565 qnod
695 482 817 546 tribuni
841 483 948 567 piebis
970 480 1125 565 mur
1146 483 1252 550 Fabio
1284 489 1409 532 rouo-s

186 603 373 687 appellunt!
395 599 632 687 respondisse,
653 621 691 668 se
712 601 804 669 ostiti
823 606 861 668 to
880 600 1071 688 foroiulem
1092 626 1116 670 a
1133 601 1252 671 Proe-
1269 548 1351 659 ffi-
1369 559 1408 601 'r

185 729 261 788 tore
284 724 411 788 Minos
433 723 618 788 additurus
647 720 750 788 esse?
786 722 887 788 Anne
916 725 1120 789 tribunorum
1145 726 1254 811 plebis

186 845 264 929 init,
288 843 464 909 Praetoris
486 844 646 909 tornulos
667 861 790 910 cnosso
811 848 950 933 cognito
971 845 1122 912 redditos
1144 849 1267 924 corri-⁴

184 984 284 1053 gere,
321 964 511 1050 supplendo
538 963 789 1031 detrehendoue
817 959 1022 1032 emendare?
1056 966 1146 1034 Nihil
1170 986 1253 1032 uero

184 1090 304 1151 ninus
347 1083 447 1152 Unde
468 1087 688 1174 intelligitur,
707 1086 772 1152 hoc
792 1088 898 1152 solnm
921 1089 987 1153 illis
1008 1089 1121 1154 uerbis
1142 1090 1253 1154 inesse

184 1226 295 1294 neque
325 1208 423 1272 olion
453 1208 660 1285 tribunorum
688 1213 830 1274 mentem
860 1209 984 1294 inisse,
1018 1213 1082 1275 nisi
1111 1213 1148 1275 ut
1170 1230 1254 1295 pro.

184 1331 403 1416 nunciarent,
425 1347 473 1393 en
493 1310 672 1427 curtogiis
693 1348 759 1394 suu
782 1328 873 1394 nihil
893 1349 968 1395 csse
987 1330 1161 1415 sominae
1183 1333 1253 1397 nd-

186 1451 357 1534 dendum,
393 1451 487 1513 immo
517 1468 657 1534 aequum
685 1468 762 1516 esse
791 1449 963 1537 iudicium,
1000 1452 1088 1537 quod
1110 1451 1253 1519 Praetor

187 1570 336 1636 dedisset
359 1569 496 1656 fierique
518 1569 655 1636 decreto
678 1591 742 1636 sno
764 1573 934 1637 iussisset:
957 1571 990 1636 ld
1006 1573 1159 1639 iudicium
1175 1574 1253 1661 quin

188 1695 377 1777 acciperet,
400 1693 489 1757 nullo
512 1693 583 1758 iure
605 1692 744 1758 Fabium
762 1691 973 1760 detrectare:
995 1713 1060 1779 quo
1076 1693 1118 1759 de
1133 1713 1254 1761 causeo

189 1832 262 1879 sese
285 1813 414 1878 auxilio
437 1816 467 1878 el
487 1833 554 1877 non
570 1814 720 1910 tuturos,
743 1815 915 1898 quominus
930 1813 1082 1881 indicium
1098 1820 1253 1902 accipere

190 1952 208 1997 s
237 1934 408 1999 Proetore
436 1939 633 2027 cogeretur,
660 1952 719 2017 nc,
752 1936 816 2001 nisi
845 1937 1030 2022 occiperet,
1058 1939 1167 2002 omnio
1189 1955 1254 2023 pn.

191 2058 333 2140 teretur,
370 2074 457 2140 quoe
486 2056 518 2119 in
548 2073 626 2140 eos,
656 2057 710 2140 qul
738 2055 860 2123 iudicio
882 2060 976 2154 recte
999 2077 1064 2122 non
1088 2057 1253 2124 detende-

191 2180 318 2260 rentur,
340 2177 527 2242 constituto
549 2170 705 2256 essent⁹l

219 2462 247 2527 e)
267 2465 388 2516 Obiiclni
405 2456 519 2528 sli'quis,
539 2464 561 2514 si
577 2464 644 2514 isson
657 2463 693 2515 its
731 2421 819 2516 'cisse
849 2463 986 2528 dicuntur)
1018 2466 1130 2517 Fabium
1161 2467 1253 2531 appel·

188 2555 256 2613 sint,
282 2567 335 2604 cnr
357 2553 467 2603 undem
486 2553 588 2602 tribuni
607 2553 693 2616 piebis
749 2552 853 2604 iontem
871 2566 901 2603 se
925 2554 1092 2614 audiissent,
1119 2555 1253 2606 detensio-

189 2644 244 2693 istis
268 2642 364 2692 uerbis
387 2639 424 2701 (so
447 2641 515 2690 ninii
538 2639 694 2704 additurus)
749 2654 812 2690 nem
826 2655 952 2703 inlunis,
966 2644 1004 2692 uti
1018 2643 1180 2706 postularet,
1199 2642 1254 2694 ior-
1317 2656 1319 2661 ’

186 2737 240 2781 ism
271 2730 430 2794 impropriis
461 2730 488 2778 in
516 2729 692 2781 decernendo
749 2730 840 2780 mulso
866 2731 1026 2780 uidendum
1057 2731 1109 2780 sibi
1141 2732 1251 2791 uideri,

185 2821 228 2868 usi
246 2819 318 2877 sini,
337 2822 385 2869 snt
404 2816 493 2866 Cicero
514 2819 542 2867 in
556 2818 693 2870 narrando
748 2822 891 2882 utque-se,
912 2819 965 2868 nisi
978 2819 1137 2880 adderetur,
1158 2820 1251 2879 Fabio,

184 2919 281 2958 eornm
295 2908 406 2957 decreto
419 2912 519 2957 ututur.
546 2906 693 2957 Enimuero
749 2910 895 2970 quominus
913 2907 947 2956 nd
969 2907 1098 2957 iudicium
1119 2909 1253 2971 accipien-

183 3008 230 3046 m
258 3002 300 3046 esi
324 2996 511 3059 apertissimo,
543 3009 633 3059 neque
659 2996 694 3045 sd
749 2995 813 3044 dum
827 2996 1097 3057 cogeretur,anxilio
1110 2994 1177 3055 iore,
1192 3011 1253 3059 pro-

180 3084 371 3134 esenssndsm
381 3082 490 3133 dicendi
498 3083 693 3144 negligentiam
716 3098 719 3104 ·
749 3083 938 3133 nunciassent:
951 3085 1014 3147 qnid
1026 3083 1136 3133 Praetor
1144 3090 1252 3134 neturus

178 3171 417 3234 confugiendum,
447 3172 523 3235 qnasi
542 3172 645 3221 dictum
664 3173 694 3221 il·
749 3170 864 3222 inisset?
889 3172 942 3221 Fnc
967 3186 1015 3234 pro
1041 3173 1100 3221 iure
1123 3186 1172 3223 suo
1191 3186 1253 3222 eum

178 3257 242 3320 lud,
250 3261 367 3310 tribunis
378 3260 415 3323 pl.
423 3259 614 3309 euml'ruetore
621 3274 695 3310 corn·
749 3261 777 3310 in
789 3261 921 3310 sententia
936 3273 1139 3323 perseuerasse,
1154 3274 1253 3322 cogere

176 3350 370 3407 munientem,
384 3348 419 3396 sd
429 3348 503 3398 hunc
512 3350 599 3410 magis
609 3362 692 3413 quam
749 3349 863 3398 Fabium
875 3349 909 3398 nd
922 3349 1111 3411 accipiendum
1122 3349 1251 3399 iudicium

174 3438 221 3486 ad
239 3438 302 3487 iilos
320 3437 464 3499 pertinent.
514 3436 602 3487 immo
626 3451 693 3488 nero
749 3437 885 3499 coepisse:
915 3438 979 3500 qnid
1007 3439 1120 3500 postest
1149 3438 1251 3501 Nempe

173 3519 213 3573 id
230 3539 317 3575 nnnm
341 3525 458 3586 rogabo,
485 3531 515 3574 nt
540 3524 613 3574 illius
636 3526 691 3586 rei,
749 3526 851 3575 tribuni
864 3526 900 3588 pl.
915 3527 1144 3585 intercessissent,
1162 3539 1251 3590 nequo

172 3622 240 3673 qus
257 3614 292 3663 do
310 3614 417 3675 agitur,
437 3612 561 3663 ordinem
580 3614 692 3663 exitum·
749 3614 854 3664 Tullius
873 3614 929 3663 ulis
954 3615 1057 3665 ratione
1079 3614 1192 3664 Fsbinm
1211 3616 1251 3664 in·

174 3710 255 3760 qne,
285 3707 369 3751 totam
388 3701 507 3765 deniquo
525 3702 581 3750 nim
601 3707 626 3750 ei
645 3714 692 3750 nn·
749 3703 835 3751 nilum
851 3703 884 3752 sd
899 3703 1015 3752 indicem
1028 3702 1138 3764 adigere
1151 3703 1252 3765 potuis·

177 3789 275 3838 iurum
300 3803 356 3840 non
381 3789 469 3839 solnm
493 3803 526 3840 ex
546 3790 612 3839 iuris
631 3790 692 3838 snb·
748 3796 797 3840 set.
834 3791 911 3852 ‘Ergo
929 3790 1050 3849 Tullius,
1077 3791 1122 3853 qni
1141 3790 1250 3840 decreto

185 3876 301 3937 uilitate,
333 3891 431 3927 nerum
461 3878 608 3927 oiism'ex
640 3891 691 3927 usu
748 3879 918 3928 tribunorum
947 3878 1117 3941 promulgato
1143 3880 1247 3938 statim,

186 3960 329 4015 hominnm
348 3968 475 4030 ultusque
494 3965 691 4016 consuetudine
748 3966 816 4016 hoec
834 3968 871 4017 its
888 3966 962 4026 iore,
987 3965 1168 4027 intelligeret,
1193 3980 1248 4016 ms·

204 4055 361 4105 considerare
385 4055 464 4104 uelis.
513 4053 583 4116 Quid
608 4067 689 4117 ergo,
747 4054 837 4113 inerit,
847 4056 953 4118 opinor,
965 4054 1056 4118 paullo
1066 4052 1247 4103 diiileiiiorom

209 4138 228 4182 oi
244 4143 334 4192 tribuni
360 4143 397 4206 pi.
416 4139 525 4204 (contra
550 4155 630 4206 qnam
654 4141 691 4192 io·
748 4156 873 4207 nonaque
900 4144 990 4206 aliqua
1015 4141 1173 4192 defensione
1198 4153 1247 4191 sen

244 4246 353 4295 mnus,
368 4250 414 4289 uo
430 4249 445 4287 ι
942 4249 980 4308 10
