3114 5046
182 589 306 630 Formulsin

154 647 305 688 ismiiiameon·

154 710 219 756 capu
229 702 305 743 ludici·

155 774 189 800 um
198 772 233 813 μ.
242 759 302 800 tissi.

325 409 387 472 590
450 405 545 506 Cup.
573 405 606 478 1.
660 402 721 478 Da
746 407 832 479 lure
858 426 1020 478 casurae
1050 399 1271 479 Tullianae.

387 596 515 680 Quodsi
538 596 702 682 pubiicum
725 596 789 661 hoc
808 593 962 660 iudicium
987 593 1029 658 de
1052 596 1102 679 ui,
1125 598 1162 658 ut
1189 595 1295 682 uulgo
1317 595 1387 678 pia-

324 723 390 809 cet,
411 739 480 785 non
501 721 548 784 ita
571 718 635 784 diu·
649 722 751 784 antea
772 718 836 783 luit
858 734 947 782 noua
968 718 1046 803 iege
1067 718 1300 800 constitutum,
1324 719 1387 780 tum

321 842 351 907 si
373 843 417 907 ob
439 843 564 906 similes
585 858 741 925 caussas,
763 857 849 925 quae
870 832 923 941 lul.
947 836 1134 904 Lucullum
1162 838 1310 904 mouisse
1337 835 1389 900 ‹ii-

322 968 462 1050 cuntur,
493 963 592 1028 etiam
621 962 729 1052 magis
756 962 789 1025 in
813 961 936 1046 publici
959 958 1070 1026 iudicii
1093 977 1204 1044 poena
1226 961 1388 1049 insignem

323 1083 488 1170 quandam
511 1085 726 1149 seueritatem
756 1085 957 1166 exspectare
979 1074 1122 1168 iicet³⁴);
1155 1083 1244 1146 satis
1271 1081 1389 1146 existi-

323 1205 467 1271 mabitur
486 1203 665 1290 credibile,
694 1203 881 1292 quadrupli
910 1201 1076 1286 tortasse,
1104 1204 1199 1267 certe
1230 1220 1299 1267 non
1328 1203 1389 1266 mi·

322 1329 432 1411 noris,
454 1324 497 1391 de
518 1327 550 1390 ui
573 1327 651 1391 lites
672 1327 866 1391 aestimatas
887 1324 945 1388 iiia
966 1324 1045 1413 iege
1066 1325 1147 1388 tunc
1169 1322 1287 1388 fuine.

385 1447 437 1513 Ne
459 1448 570 1532 plura:
594 1447 719 1532 publici
737 1445 849 1513 iudicii
867 1447 945 1532 lege
964 1446 1048 1509 satis
1068 1449 1286 1529 prospectum
1305 1462 1388 1511 con-

322 1569 513 1653 sultumque
535 1568 600 1633 mu
620 1570 762 1654 priuatis
784 1569 835 1653 iis,
857 1568 912 1654 qui
935 1588 958 1632 α
979 1567 1086 1633 libero
1107 1564 1249 1632 tamon
1270 1567 1304 1631 ui
1327 1564 1387 1631 ho-

321 1688 463 1755 minibus
485 1692 622 1755 armatis
644 1691 816 1756 cunctisne
838 1682 958 1754 damno
980 1688 1092 1755 affecti
1116 1692 1243 1754 essent.
1292 1685 1386 1769 Quot

323 1828 420 1894 quum
444 1811 651 1901 intelligeret
673 1810 725 1878 M.
746 1810 933 1901 Lucullus,
962 1811 1068 1876 noluit
1094 1814 1279 1894 mitam
1301 1808 1386 1875 iudi-

322 1932 407 1998 cium
436 1933 522 1998 citra
543 1935 781 2000 necessitatem
801 1932 938 2020 publico
960 1930 1118 1998 adiicere.

385 2051 469 2119 Plus
490 2055 653 2120 arbitror:
678 2054 893 2145 Magnopere
922 2054 988 2119 iliis
1011 2055 1151 2118 maxime
1173 2053 1385 2139 temporibus,

320 2176 358 2239 ut
381 2176 518 2259 opinor,
546 2176 653 2241 uisum
675 2181 728 2241 est
749 2174 791 2242 ad
814 2177 990 2241 utilitatem
1013 2176 1178 2260 pubiicum
1202 2176 1384 2260 pertinere,

320 2301 358 2360 ut
381 2296 611 2383 quaestiones,
633 2295 677 2362 de
699 2298 731 2361 ui
753 2299 967 2383 praesertim,
990 2294 1154 2382 quomodo
1178 2301 1279 2362 erant
1301 2296 1384 2385 iegi-

320 2415 383 2482 bus
405 2419 622 2503 constitutae,
643 2418 679 2483 in
701 2436 771 2506 eos,
792 2420 846 2504 qui
870 2418 1099 2506 offendissent,
1121 2419 1222 2484 etiam
1245 2435 1385 2485 exerce-

320 2540 452 2626 rentur,
474 2557 560 2604 neuc
590 2544 823 2607 accusatorum
846 2541 967 2606 inertia
995 2542 1261 2631 languescerent
1283 2539 1383 2606 adeo-

320 2676 386 2744 que
414 2661 514 2744 plane
547 2664 790 2728 omitterentur.
840 2661 890 2728 At
921 2663 1053 2747 priuato
1083 2661 1205 2727 homini
1236 2663 1266 2726 si
1297 2662 1381 2747 optio

320 2779 436 2867 detur,
462 2782 598 2866 pttdltco
621 2801 664 2848 an
693 2789 835 2871 prierato
858 2783 979 2851 iudicio
1002 2786 1147 2869 experiri
1170 2802 1212 2850 ac
1236 2783 1379 2849 damnum

319 2922 413 2967 suum
436 2905 593 2990 persequi
616 2906 724 2991 malit,
754 2908 822 2969 tum
851 2909 1023 2990 utriusque
1053 2906 1196 2972 actionis
1218 2909 1249 2971 si
1272 2905 1378 2972 eadem

319 3023 392 3089 fere
414 3026 603 3089 aestimatio
625 3029 868 3113 constituatur3
897 3027 1068 3115 profecto,
1097 3029 1144 3090 uti
1174 3032 1257 3092 sunt
1280 3027 1377 3092 homi-

318 3163 380 3211 nes
400 3165 483 3212 suae
515 3165 610 3232 quam
642 3150 795 3230 publicae
823 3150 977 3214 utilitatis
1004 3148 1244 3235 studiosiores,
1270 3151 1377 3236 priua-

318 3269 384 3333 tam
406 3270 588 3352 actionem,
616 3269 870 3335 commodiorem
897 3290 980 3336 sanc
1007 3272 1274 3356 facilioremque,
1303 3286 1375 3356 prae

317 3389 472 3473 publicae
499 3393 726 3457 accusationis
756 3392 952 3481 ambagibus
980 3392 1079 3459 auide
1110 3395 1294 3480 arripient,
1320 3407 1375 3456 nec

316 3526 522 3597 magnopere
545 3512 726 3598 curabunt,
753 3516 790 3576 ut
819 3513 908 3599 quod
930 3519 1066 3598 praeter
1089 3516 1257 3598 priuatam
1279 3514 1372 3580 satis·

317 3628 496 3695 factionem
519 3631 652 3717 publico
683 3634 803 3700 iudicio
832 3636 920 3700 inest
947 3637 1030 3701 iuris
1053 3637 1176 3720 pubiici
1199 3635 1371 3702 detrimen·

315 3756 384 3817 tum
405 3753 514 3818 aliaue
537 3772 664 3841 poena,
686 3755 882 3821 aduersario
903 3756 1085 3846 infligatur.

348 4034 393 4094 ot)
420 4039 486 4087 Cum
510 4039 576 4101 iiiis,
602 4054 672 4104 quae
695 4045 721 4092 in
746 4040 816 4106 §.d
876 4045 1094 4106 LL.111‚18,ta.
1110 4047 1255 4097 etsimiiia.
1274 4041 1363 4095 usat-

312 4137 390 4188 saqq.
406 4138 459 4187 pro
478 4126 564 4176 Tullio
578 4129 725 4193 habentur,
746 4145 817 4183 com·
874 4141 945 4186 tutu
958 4136 976 4184 i.
988 4136 1005 4185 Ι.
1017 4137 1079 4197 p.5.
1092 4148 1151 4196 seq.
1165 4149 1191 4197 p.
1204 4136 1249 4186 tt.

314 4215 435 4274 nouanda
445 4221 507 4266 suut
522 4228 575 4278 pro
588 4217 677 4268 coctio
689 4232 712 4270 c.
722 4220 765 4271 29.
782 4221 814 4272 de
