3114 5046
278 324 317 398 8.
342 314 405 386 5.’
438 313 623 412 Defensio
645 312 736 390 Nun
762 317 880 393 deieci
905 318 973 393 aed
998 320 1132 394 morai.
1180 319 1243 382 ³95

179 510 281 576 uerba
306 512 472 598 tamquam
500 533 519 577 a
553 518 583 576 d.
608 519 720 600 capite
750 515 799 578 13.
830 522 993 604 excerpta
1024 517 1068 582 ad
1097 519 1241 584 litteram
1261 526 1410 630 Q&

178 633 274 698 nobis
295 633 475 700 indidisse
490 632 541 707 ²³).
1270 648 1292 682 ο*
1304 654 1324 693 a·
1338 654 1357 693 a·
1371 652 1388 680 ι

237 739 490 836 Οπίὺυέῐοὺιιε
513 760 663 824 omuibus
684 763 713 826 si
737 764 904 847 quiscat,
938 762 993 846 qul
1016 779 1037 826 a
1065 764 1242 828 coniectu·

176 879 222 940 ris
243 875 407 942 deterreri
429 896 467 943 ae
489 898 555 944 non
585 882 752 967 patiatur,
781 885 1021 970 augustissimo
1039 887 1154 951 ,tamen
1175 902 1241 948 au-

176 1001 255 1087 guio
278 1000 439 1066 inclusum
461 1020 499 1066 se
519 1005 644 1067 sentiet
668 1006 807 1088 propter
829 1003 912 1070 haec
941 1005 1045 1070 uerba
1067 984 1099 1069 d.
1120 989 1242 1090 capitis

179 1120 244 1206 ia,
266 1124 496 1206 superioribus
518 1125 584 1187 iiiia
606 1127 760 1189 annexa:

238 1249 301 1307 aui
334 1248 462 1311 tantum
492 1244 623 1310 facinus
652 1264 719 1310 non
751 1249 784 1310 in
813 1249 984 1332 aequitate
1013 1246 1240 1328 detensionis,

239 1363 324 1429 ased
346 1370 385 1430 tu
405 1383 478 1431 criu
501 1366 622 1432 littera
645 1367 784 1433 latuisse
807 1368 997 1434 uideatur.·

236 1484 324 1568 Quid
347 1488 450 1574 igitur
471 1479 557 1553 est?
579 1485 674 1569 Quae
695 1488 805 1556 adhue
826 1491 941 1574 attuli,
963 1492 1010 1554 tta
1025 1487 1101 1554 mihi
1117 1489 1239 1555 uiden-

176 1613 228 1673 tur
255 1608 298 1672 ad
330 1608 571 1673 sustinendam·
590 1611 766 1675 lectionem
793 1612 964 1698 uulgarem
994 1613 1114 1700 grauia
1147 1629 1238 1690 csse,

175 1736 207 1794 ut
242 1746 354 1795 ueram
393 1734 504 1795 tamen
538 1734 683 1795 oratoria
718 1733 918 1795 sententiam
957 1735 1059 1816 atque
1094 1731 1237 1796 indolem

174 1852 282 1924 hutini
311 1854 474 1918 sermonis
501 1851 841 1937 consuetudinemque
869 1854 902 1916 in
931 1853 1133 1918 contrariam
1156 1871 1238 1937 par-

173 1979 236 2039 tem
260 1974 350 2039 nullo
371 1972 473 2046 dubio
496 1976 692 2059 praeualere
715 1976 910 2039 existimem.

233 2094 347 2161 Primo
369 2098 454 2160 euim
478 2099 563 2160 satis
586 2096 660 2160 milri
684 2114 878 2181 persuasum
911 2099 981 2181 eat,
1005 2097 1050 2159 lu
1071 2095 1238 2160 uniuersis

175 2219 332 2282 bonorum
355 2220 553 2302 scriptorum
582 2218 677 2282 libris
705 2236 746 2281 uc
768 2237 867 2282 unum
891 2216 1019 2301 quidem
1042 2217 1150 2283 locum
1173 2236 1238 2281 ex-

174 2345 261 2415 tare,
283 2339 339 2403 oiri
362 2342 449 2403 iuter
471 2339 575 2404 uerba
595 2339 745 2404 deiicere
767 2342 802 2403 et
824 2342 949 2403 eiicere
970 2342 1030 2403 aut
1052 2340 1140 2403 inter
1154 2357 1238 2421 par-

174 2461 293 2527 ticulas
313 2460 357 2525 dc
378 2464 412 2524 et
434 2480 498 2543 em,
526 2462 598 2525 siue
620 2461 807 2524 nominibus
830 2462 1042 2544 praepositas
1062 2461 1135 2525 aiuc
1156 2479 1239 2524 ucr-

174 2583 223 2646 bis
245 2580 427 2665 praelixas,
455 2581 541 2645 ratio
564 2582 637 2663 illa,
666 2599 762 2665 quam
784 2586 885 2646 antea
907 2580 1154 2663 demonstrant,
1183 2585 1238 2646 in-

174 2702 343 2769 tercedat:
377 2722 445 2767 nou
467 2721 532 2788 quo
556 2702 631 2766 milii
655 2720 827 2791 arrogem,
850 2708 887 2766 ut
909 2700 1033 2784 dicam,
1056 2705 1165 2767 omnia
1186 2721 1238 2768 me

174 2825 387 2913 conlegisse
415 2825 520 2889 solum
549 2821 610 2889 sed
641 2826 738 2889 etiam
762 2827 916 2888 memoria
942 2827 1076 2909 teuere3
1111 2826 1147 2888 at
1168 2842 1237 2888 nou

173 2947 322 3013 adducor
351 2949 389 3010 ut
420 2945 571 3041 credam2
603 2947 806 3034 singularem
836 2947 922 3008 illam
956 2947 1019 3008 uim
1053 2946 1237 3031 particulae

173 3087 260 3135 eota
284 3069 517 3136 Grammaticis
544 3068 695 3132 omnibus
725 3060 767 3147 (e
797 3067 916 3152 quibus
937 3060 1174 3132 Force'tltuum
1202 3070 1237 3131 et

173 3189 355 3255 Heredium
387 3193 472 3255 satis
512 3196 564 3254 est
597 3180 809 3269 nominasse)
843 3192 982 3273 propter
1013 3189 1235 3283 ignorantiam

173 3312 455 3401 negligentiamue
478 3330 553 3376 esse
577 3313 852 3395 praetermissam.

234 3431 383 3515 Quodsi
407 3433 482 3498 milri
506 3432 595 3498 dicat
617 3435 754 3518 aliquis,
782 3433 882 3498 facile
904 3432 1079 3519 accidere,
1111 3437 1149 3497 ut
1170 3451 1236 3517 pa-

172 3574 240 3618 rum
274 3559 434 3621 accurate
463 3556 561 3619 etiam
593 3574 613 3619 a
643 3556 731 3619 bono
763 3560 902 3621 auctore
934 3574 1033 3619 unum
1070 3554 1234 3640 quoddam

173 3676 367 3743 uocabulum
391 3677 554 3765 eligatur3
580 3677 739 3758 referam,
766 3674 1019 3761 haudquaquam
1040 3676 1235 3742 familiarem

174 3797 517 3884 inconsideratumque
536 3815 719 3862 sermonem
742 3798 849 3863 tubus
871 3798 938 3861 illis
959 3797 1043 3863 locis
1059 3799 1234 3885 contineri,

174 3921 264 3986 immo
288 3922 321 3985 in
343 3920 519 3985 uerborum
534 3921 677 4007 argutiis
691 3894 880 4003 summaque
902 3921 969 3982 tam
991 3917 1121 3985 dicendi
1138 3938 1233 4005 quam

204 4076 248 4140 ai)
267 4077 307 4128 lie
326 4078 416 4141 liguris
437 4081 625 4128 renuntiarunt
646 4083 672 4128 ei
729 4090 756 4137 li·
769 4076 831 4126 227.
855 4076 1016 4127 varietatem
1035 4077 1155 4128 lectionis
1174 4076 1234 4127 uui·

175 4168 361 4217 elocutionum.
375 4164 405 4228 ss.
420 4165 445 4215 ii.
461 4167 511 4215 lid.
522 4165 672 4217 Frotroiari
728 4166 778 4215 lam
798 4166 824 4215 iu.
845 4166 863 4215 i.
883 4167 988 4216 iuueni.
