3114 5046
340 395 403 457 570
486 371 582 474 cop.
602 373 636 448 1.
692 370 750 467 Dc
767 375 852 445 iure
869 393 1029 444 ociossuo
1050 366 1270 444 Tullianae.

171 589 324 641 aequarum.
339 565 542 650 dIsputaturi
556 582 684 648 sumus3
707 579 795 627 uunc
810 561 843 625 ai
858 563 964 625 soium
979 559 1120 645 addam,
1143 560 1298 625 fortasse
1315 562 1402 625 etiam

338 691 417 752 noui
439 687 528 752 iiiius
549 687 632 751 iuris
652 689 810 751 auctores
830 685 1040 768 antiquitatis
1057 688 1092 747 et
1108 682 1277 747 historiae
1291 686 1404 748 aueto-

338 813 439 875 ritote
460 810 684 892 maiorumque
706 807 859 891 exemplo
883 804 1123 890 quodammodo
1146 824 1187 870 se
1206 803 1404 886 defendisse,

337 935 409 1018 qui,
441 939 478 995 ut
509 927 656 998 samito
681 923 944 1015 coniectura²⁷),
975 927 1073 992 ualde
1104 929 1294 1014 probabili,
1322 935 1404 1011 utar,

333 1053 424 1119 baud
446 1051 591 1119 absurde
608 1057 799 1138 monerent,
821 1069 864 1115 ue
885 1051 966 1115 furti
986 1050 1117 1134 quidem
1143 1052 1317 1116 actionem
1338 1056 1403 1115 sia-

338 1177 395 1241 tim
428 1195 449 1241 a
479 1176 643 1260 principio
680 1192 771 1240 mere
803 1174 976 1259 poenalem
1014 1173 1140 1256 fuisse,
1177 1172 1240 1237 sed
1278 1175 1403 1238 mutatis

337 1297 465 1363 demum
495 1297 701 1380 temporibus
729 1301 763 1362 et
794 1297 837 1361 ob
859 1315 977 1359 nouam
1001 1294 1166 1379 quandam
1189 1296 1403 1360 utilitateme

336 1422 454 1484 misto
486 1419 621 1483 actIone
652 1420 687 1481 in
719 1435 813 1482 mere
844 1417 1027 1504 poenatem
1066 1418 1342 1483 transformatam
1372 1421 1401 1480 ei

223 1614 225 1619 ¹
336 1541 557 1607 cotradictione
579 1538 719 1624 furtiuo
747 1541 959 1604 oxtriusecus
983 1537 1116 1604 adiecta
1138 1545 1274 1604 auctam
1299 1538 1400 1603 iuime.

399 1696 612 1763 Admonendi
645 1698 789 1783 denique
820 1717 949 1783 sumus,
984 1701 1141 1764 caeteros
1179 1700 1227 1762 ita
1261 1704 1398 1764 ueterem

336 1818 448 1885 iudicii
469 1819 614 1885 indolem
636 1821 836 1904 mixtamque
858 1823 1009 1883 naturam
1031 1821 1234 1903 retinuisse,
1264 1826 1303 1886 ut
1324 1840 1397 1888 cou-

335 1942 471 2008 trariam
506 1941 615 2026 iilam,
652 1959 748 2027 quam
781 1939 947 2026 uidimus,
983 1946 1312 2029 argumentationem
1342 1963 1395 2008 nou

336 2065 468 2128 omnino
488 2065 685 2151 reiecerint,
707 2081 770 2128 neo
786 2064 959 2145 praeclara
974 2081 1049 2127 esse
1064 2063 1302 2153 iudicauerint,
1324 2082 1396 2150 quae

335 2186 400 2249 iiiia
421 2183 568 2251 absurda
590 2189 625 2248 et
646 2176 789 2250 ridicula
809 2187 882 2249 uisa
903 2189 997 2249 sunt:
1020 2187 1115 2248 inimo
1130 2188 1226 2251 uaria
1241 2188 1309 2271 ipsi
1323 2206 1396 2272 quo

335 2323 399 2389 que
428 2303 594 2392 remedia,
629 2308 755 2369 tantum
786 2307 940 2390 leniora,
976 2306 1117 2372 sanandi
1145 2308 1394 2398 corrigendique

313 2428 406 2501 ,eius
427 2428 509 2491 iuris
530 2445 653 2493 caussa
673 2430 889 2493 tentauerint.
1293 2418 1296 2423 ’

395 2585 451 2651 Ao
484 2587 589 2670 primo
620 2587 696 2652 ioco
726 2585 816 2669 apud
851 2606 966 2652 omnes
996 2590 1208 2673 exploratum
1240 2592 1322 2672 fuit,
1350 2591 1391 2656 eui

334 2708 423 2772 bona
450 2710 565 2773 essent
597 2713 714 2794 rapta,
747 2711 793 2794 ei,
825 2712 853 2774 si
882 2713 1000 2794 raptor
1029 2709 1263 2795 deprehensus
1295 2716 1389 2793 esset,

334 2830 469 2894 liberam
499 2849 576 2894 esse
609 2833 794 2918 optionem,
827 2835 884 2895 aut
913 2835 946 2893 ui
969 2833 1128 2896 bonorum
1151 2838 1324 2917 raptorum
1344 2836 1387 2896 aut

334 2950 413 3015 furti
434 2952 604 3017 manifesti
627 2955 760 3017 actione
780 2947 980 3035 expeririffi).
1013 2951 1202 3033 Quinetiam
1223 2976 1244 3018 a
1265 2957 1386 3042 quibus·

332 3070 406 3137 dam
425 3070 524 3157 fictio
547 3075 673 3160 potius,
696 3073 821 3161 dicam,
843 3076 924 3138 iuris
946 3094 1041 3159 quiam
1056 3080 1308 3156 interpretatio
1326 3083 1385 3140 ten·

331 3194 467 3259 tabatur
494 3194 670 3279 eiusmodi,
703 3202 740 3258 ut
773 3214 901 3281 onrnes,
938 3199 991 3280 qui
1019 3199 1231 3284 rapuissent,
1265 3199 1384 3264 etiooui

330 3334 400 3380 aon
421 3322 537 3381 essenti
568 3314 792 3403 deprehensi,
829 3318 908 3382 surii
937 3318 1120 3402 manufesti
1149 3314 1383 3386 tenerentur²⁹i

364 3486 410 3550 27)
428 3489 499 3552 Spst.
517 3491 545 3540 d.
564 3492 594 3540 ii.
608 3492 638 3541 ii.
655 3493 687 3541 T.
706 3507 729 3542 ν.
749 3507 774 3554 p.
790 3495 834 3543 51.
894 3497 995 3544 «eiiam
1020 3493 1083 3543 iurti
1108 3497 1152 3545 uei
1172 3497 1263 3548 damni
1289 3499 1380 3547 iniuriae

329 3574 406 3626 coni.
422 3575 484 3626 Gai.
500 3578 546 3638 lv,
561 3578 588 3626 lt.
894 3598 907 3624 α
918 3583 961 3632 uei
980 3583 1148 3634 condictione
1171 3590 1213 3650 agi
1233 3595 1335 3648 potest,
1350 3582 1379 3632 uei

362 3663 407 3727 28)
426 3666 457 3714 L.
471 3665 516 3715 52.
531 3664 550 3729 ὃ
563 3667 610 3716 uii.
626 3667 665 3717 De
676 3665 753 3717 iuriis
764 3666 833 3731 (sup.
893 3687 906 3713 α
916 3681 986 3721 oeric
1000 3674 1120 3735 singulae
1139 3689 1181 3725 res
1199 3679 1329 3727 uindicari
1338 3683 1378 3734 pot·

329 3765 355 3813 p.
367 3753 429 3802 548.
441 3760 497 3804 not.
511 3751 568 3818 16.)
591 3756 706 3807 adderis
720 3770 751 3808 ea
767 3770 833 3818 quo·
893 3777 904 3802 ιι
917 3769 1007 3814 sunt.»

327 3843 462 3904 quoium,
481 3857 549 3906 quae
566 3846 721 3905 simpliciter
731 3846 835 3897 decon-
926 3849 971 3912 29)
989 3851 1078 3916 ¹‘·.⁸⁰·
1091 3849 1121 3912 ὅ.
1133 3851 1160 3899 3.
1182 3852 1222 3903 iic
1235 3853 1320 3905 iuriis.
1333 3853 1374 3913 (io-

328 3933 832 4004 cursuactiouuroiurticiuibonorurn
889 3939 1026 3999 pinianus)
1047 3940 1136 3989 «ilum
1161 3949 1253 4003 raptor
1273 3947 1374 3993 omnimo*

328 4028 461 4082 raptorum
477 4028 598 4079 tractant,
620 4025 694 4074 uelut
706 4025 732 4072 d.
753 4040 792 4086 pr.
810 4027 830 4074 i.
892 4029 949 4076 «do
963 4027 1062 4077 turtum
1083 4028 1162 4087 iacit,
1184 4033 1334 4084 manifestus
1346 4029 1374 4078 iai

327 4108 829 4174 b.t.‚cumGoiiii‚⁶20ti.napae.
892 4118 1102 4168 oerisiimandus
1132 4128 1209 4170 esi.»
1260 4125 1373 4171 titinio·

327 4197 387 4246 bt.
427 4199 547 4249 alierum
569 4205 702 4260 raptarum
723 4206 830 4254 nominc
887 4207 1065 4266 protutioucm
1091 4216 1197 4269 spectat
1217 4211 1286 4272 quod
1313 4207 1371 4259 Gaio
