3114 5046
185 556 270 615 Tribuni
284 561 311 598 ab

171 614 248 678 Aliana
270 627 310 667 ap-

331 359 391 422 itti
459 356 555 461 cap.
577 357 613 432 1.
667 355 830 449 lle-iare
850 380 1011 463 cuiusce
1034 355 1302 444 Quinctianae.

392 545 488 631 Quae
510 551 615 615 omnis
634 549 723 618 ratio
752 551 938 636 gestaoque
964 549 1030 629 rei,
1063 564 1159 632 quam
1172 559 1391 629 ‘'repraesen-

185 678 250 711 ··¹¹·
329 671 416 753 toul,
438 674 549 757 imago
573 671 635 734 nisi
658 673 730 734 tota
754 688 805 735 me
827 670 932 756 fallit,
958 667 1229 753 haudquaquam,
1259 667 1391 750 opinor,

329 796 395 857 tam
419 791 531 859 autuax
554 793 725 881 negotium
749 776 830 877 fuit,
860 810 955 876 quam
987 789 1116 855 'l'ullius
1144 791 1261 853 noster
1290 786 1391 853 uideri

329 915 393 980 sibi
415 915 565 996 simulat,
588 910 677 998 quod
697 911 902 978 Hortensius
923 916 1068 998 otepnctt
1083 911 1180 976 istud
1201 927 1278 976 esse
1299 908 1391 974 iudi-

330 1039 422 1100 cium
442 1039 523 1122 poti
544 1035 718 1100 iudicione
740 1031 943 1121 defendere,
966 1052 1070 1121 picem
1090 1031 1267 1098 stadium
1289 1050 1313 1095 a
1326 1034 1391 1095 tri·

329 1156 431 1222 licitis
462 1161 624 1243 petetur,
659 1155 810 1240 adeoque
844 1153 1066 1244 significauit,
1102 1171 1187 1238 quae
1221 1153 1391 1237 possessio

329 1278 489 1343 bonorum
522 1296 564 1342 ex
594 1274 716 1342 llldlclo
743 1275 918 1343 Praetoris
946 1279 1123 1361 impetrata
1144 1278 1248 1359 atque
1269 1271 1391 1359 adpre-

330 1397 435 1463 hensa
467 1399 573 1482 esset,
607 1416 678 1461 eam
707 1416 769 1482 per
797 1400 1047 1482 procuratorem
1076 1397 1165 1461 iusta
1197 1394 1391 1460 defensione

330 1520 443 1585 oblata
463 1518 651 1604 iudicioque
665 1521 721 1592 wuti
743 1521 878 1603 oportet
900 1525 1043 1603 accepto
1065 1519 1136 1583 iure
1158 1516 1279 1601 repelli
1296 1520 1391 1601 atque

329 1638 374 1704 ad
406 1641 533 1704 irritum
564 1642 696 1724 uocarl;
732 1640 871 1706 eandem
900 1658 981 1705 uero
1011 1639 1160 1723 improba
1189 1638 1391 1702 tribunornn

329 1762 574 1847 appellatione,
596 1761 709 1847 iniqua
731 1762 864 1850 collegii
887 1761 1138 1849 singulorumne
1153 1759 1391 1823 intercessione

330 1881 481 1967 impediri
503 1888 537 1947 et
560 1882 715 1947 frustrari
735 1879 834 1967 facto
857 1881 987 1966 quidem
1010 1898 1128 1965 posse,
1149 1878 1308 1945 lufirmari
1323 1882 1391 1946 iuri

331 2002 576 2090 inualidamque
597 2002 693 2069 reddi
715 2022 782 2067 non
804 2021 914 2087 posse.

395 2169 515 2256 Neque
536 2189 618 2234 uero
641 2187 682 2235 ea
696 2167 851 2235 defensio
866 2172 984 2236 stricte
998 2171 1136 2236 rectane
1150 2169 1206 2233 ula
1220 2167 1265 2233 ad
1279 2166 1391 2235 Naerrl

331 2308 484 2355 caussam
508 2291 680 2378 dirigitur:
708 2310 781 2356 nam
804 2295 957 2374 constat,
977 2290 1255 2356 intercessionem
1277 2289 1391 2354 nullan

330 2414 514 2478 insecutam
538 2430 627 2485 esse.
657 2430 766 2497 neque
794 2430 986 2498 quemquam
1017 2412 1223 2476 tribunorum
1246 2415 1388 2477 cerum

331 2531 421 2619 quod
435 2529 554 2599 Cicero
568 2536 680 2616 uocat,
707 2533 864 2598 auxillum
880 2532 1007 2598 Alieno
1022 2533 1207 2617 postulanti
1223 2531 1350 2598 tulisse
1357 2525 1391 2611 ³²]

395 2708 483 2790 Quid
505 2729 607 2799 crgo,
628 2711 754 2776 lnilciat
776 2710 912 2795 aliquis,
933 2711 1090 2796 attinuit,
1112 2714 1179 2774 tam
1202 2698 1349 2794 copiose
1362 2709 1391 2775 di

331 2833 537 2898 tribunorum
560 2832 687 2895 auxillo
710 2849 750 2897 ac
773 2830 815 2896 de
834 2830 951 2896 Alfeni
966 2832 1194 2916 appellatione
1210 2829 1391 2898 disserere'

331 2952 453 3020 Nonne
475 2950 518 3016 ad
541 2954 769 3037 quaestionem
792 2971 894 3036 supra
910 2954 1053 3037 positam
1065 2946 1119 3036 ³³),
1140 2953 1314 3042 relinquid
1327 2972 1391 3038 pos

333 3073 503 3138 Bccrrtent
524 3070 708 3137 Praetoris
730 3072 908 3138 decretum
928 3079 1011 3139 iique
1033 3074 1220 3161 occiderit,
1251 3093 1321 3163 quo
1348 3078 1391 3139 ia

335 3199 430 3260 lueto
453 3191 575 3277 Adfecit
596 3192 751 3275 deteicsto
773 3195 869 3257 lusto
891 3191 1112 3282 efficeretur,
1145 3196 1256 3258 satius
1282 3193 1391 3260 luisse

334 3318 438 3380 uerbo
460 3334 526 3378 uno
549 3331 699 3393 monere,
721 3312 880 3377 Alienum
903 3313 1055 3377 tribunos
1076 3314 1185 3398 plebis
1207 3316 1390 3399 appellass

332 3581 366 3630 iis
384 3581 550 3631 uerecundia
571 3579 726 3643 imperium,
748 3579 836 3630 donec
892 3586 947 3638 esi,
968 3582 1041 3644 qnod
1060 3581 1223 3632 Hortensius
1239 3583 1333 3636 leriur
1345 3601 1391 3638 cor

331 3669 835 3732 cognitumpronunciatumqueesseq
892 3670 1012 3720 tendisse
1039 3667 1076 3730 (c.
1104 3671 1149 3721 20,
1176 3670 1278 3734 erin),
1313 3688 1391 3726 mora

331 3757 428 3807 sollius
447 3759 481 3808 sit
507 3758 640 3807 inhibere.
685 3756 761 3805 Unde
787 3755 835 3818 tit,
892 3771 948 3807 non
966 3758 1060 3807 auxilii
1083 3771 1182 3808 caussa
1206 3759 1346 3813 Alienum
1364 3769 1391 3814 tr

331 3851 362 3894 ui
385 3846 467 3895 etiam
490 3847 590 3896 reiecta
618 3858 633 3893 a
658 3845 772 3893 tribunis
797 3843 834 3907 pl.
893 3845 981 3894 bonos
994 3846 1269 3908 appellasset-Est
1281 3852 1391 3912 quiden

332 3933 529 3996 appellatione,
549 3934 570 3982 si
585 3946 639 3982 non
653 3933 796 3991 auxilium,
809 3936 837 3981 at
893 3933 920 3982 ld
938 3946 1005 3983 uero
1024 3947 1080 3984 non
1099 3935 1200 3984 solum.
1239 3937 1314 3999 Quid
1333 3954 1391 4004 prat

331 4033 409 4069 more
433 4026 523 4070 lamen
549 4021 701 4083 praetoriae
729 4021 836 4070 iurisdi·
892 4021 1391 4088 terealuerit,interiusapparebit.-

332 4109 445 4168 cilonis,
477 4105 578 4171 (neque
603 4121 634 4159 ea
654 4107 739 4157 lermc
760 4121 835 4170 pero·
927 4106 972 4170 32)
991 4108 1391 4173 viuesuprap.12ti.nocei

332 4193 423 4260 rigua)
442 4197 607 4260 acquiratur.
632 4221 664 4231 -
693 4195 764 4257 Ergo
784 4196 834 4245 lioc
926 4193 971 4259 33)
992 4197 1131 4261 Respicias
1150 4213 1178 4263 p.
1200 4201 1264 4253 133.
