3114 5046
58 337 96 413 s.
111 325 152 398 4
171 321 234 397 De
244 322 293 397 Ρ.
303 330 341 399 et
360 321 402 396 V.
414 319 801 396 oon-suleeciooc
811 323 1074 426 quaestiones„
1090 323 1131 385 87

60 518 113 580 lus
136 513 262 577 nullum
284 520 394 596 esset,
421 509 597 595 possidere
620 512 730 575 tamen
754 503 992 592 iuberetur²²),
1026 509 1069 575 de
1091 528 1132 575 ea
1152 507 1304 617 ⁸339*

61 656 97 702 re
121 632 328 719 praeiudicio
352 651 429 698 esse
450 623 682 720 agendum²³)‚
702 651 771 696 non
793 633 828 696 lu
844 633 1013 718 integrum
1027 633 1133 701 resti-

61 758 226 821 tutionem
255 773 277 820 a
305 754 469 820 Praetore
503 752 743 840 quaerendam,
779 754 928 817 nimirum
957 755 1032 838 ipso
1062 756 1133 820 iure

61 878 156 942 nulla
183 882 218 942 et
247 874 376 940 infirma
404 873 563 940 eiusmodi
591 893 660 939 uon
688 875 794 939 solum
825 876 1042 959 possessione
1071 892 1134 941 uo-

62 1019 132 1064 rum
156 1001 256 1064 etiam
278 990 514 1075 uenditione²ll
538 1000 572 1062 et
595 1016 627 1082 q.
649 1015 685 1085 g.
707 1013 738 1061 a.
1198 974 1201 979 ’

124 1117 258 1201 Quibus
293 1123 405 1184 tamen
442 1120 594 1184 omnibus
631 1119 734 1207 longe
773 1121 926 1202 praestat
963 1119 1135 1207 egregium

62 1241 143 1305 illud
166 1241 277 1306 Paulli
309 1241 546 1319 testimonium,
582 1243 636 1325 qul
665 1241 699 1304 in
728 1240 925 1326 supradicta
951 1241 989 1306 lr.
1013 1238 1062 1303 la.
1084 1258 1136 1330 pr.

63 1354 1136 1455 Dmmmmmfflmffimfflmmm

62 1485 261 1549 solennibus
281 1484 363 1547 iuris
385 1483 494 1547 civilis
516 1482 629 1548 uerbis
651 1501 778 1548 omnem
800 1456 963 1549 rationem
987 1472 1137 1549 nostram

64 1607 236 1689 expressit
257 1622 299 1670 ac
325 1584 588 1688 eomprebendit.

125 1723 219 1807 Quid
248 1716 359 1790 enim?
395 1723 484 1810 quod
516 1726 653 1811 statuit,
687 1726 740 1791 cni
772 1724 918 1790 Praetor
950 1726 1136 1812 postulanti

64 1850 241 1932 permittat
270 1847 357 1912 bona
387 1845 585 1930 possidere,
617 1864 696 1933 etum
722 1842 817 1917 mal
840 1845 910 1913 alb-i
941 1851 1138 1935 nemnem,

65 1972 123 2035 ted
147 1969 286 2058 altmetd
306 1986 354 2032 ee
376 1968 498 2033 ordine
525 1965 663 2055 fucere,
701 1984 813 2032 nonne
841 1969 942 2051 plane
971 1967 1056 2031 idem
1087 1972 1139 2033 est

65 2096 168 2176 atque
202 2087 292 2174 quod
325 2107 389 2153 nos
420 2106 523 2174 supra
552 2091 783 2173 exposuimus,
821 2093 911 2155 iteris
940 2089 1142 2155 celebrandi

66 2204 1140 2295 mmfflaffimmfflssmmmmmmmm.

69 2334 186 2398 stulari
212 2334 247 2396 et
268 2334 435 2418 permitti,
467 2351 535 2396 non
557 2350 622 2418 quo
645 2349 702 2397 res
729 2331 913 2416 iudicetur,
943 2331 1141 2412 decretam,

69 2472 105 2519 an
129 2455 345 2520 commissum
367 2456 410 2519 sil
434 2452 607 2536 Edictum,
628 2456 809 2519 statuatur.

74 2688 216 2746 «sionem,
238 2684 283 2734 uel
300 2687 323 2734 aa·
340 2687 492 2747 exceptione
509 2698 579 2733 sum·
670 2682 716 2748 24)
735 2686 766 2734 L.
786 2684 813 2734 7.
832 2682 862 2748 §-
882 2686 907 2736 3.
928 2686 1009 2748 Quib.
1029 2699 1061 2736 ex
1080 2698 1140 2736 ceu.

75 2774 195 2822 unooert
220 2775 326 2834 potuit,
359 2773 426 2822 nibil
454 2775 478 2822 ei
506 2773 579 2822 debet
636 2775 663 2822 ln
677 2788 722 2838 po.
733 2789 758 2824 e.
779 2771 929 2836 (Llpionus)
949 2774 999 2824 «si
1012 2774 1073 2838 quis
1084 2786 1144 2836 pos·

76 2862 215 2921 uprodeste
230 2861 283 2910 boc
295 2862 428 2920 edictum,
443 2862 506 2922 quio
514 2874 580 2922 pro·

76 2955 147 3009 «pter
166 2948 272 2997 nubem
291 2963 412 2998 caussam
431 2951 460 2999 in
479 2962 580 3011 posset·

79 3040 192 3086 «nonem
208 3039 305 3085 missus
322 3043 388 3085 est.»

67 3112 576 3189 'mmmmmm

79 3215 196 3264 «iniuria
216 3219 310 3263 autem
329 3215 508 3263 committitur
524 3247 530 3258 .
547 3246 554 3258 ·
571 3249 578 3264 .

79 3305 114 3351 «ti
135 3303 197 3368 quis
216 3303 291 3352 bone
309 3303 424 3351 alicuius
442 3305 518 3363 quusi
539 3303 581 3351 ‹le-

81 3390 203 3444 ttitoris,
225 3393 309 3440 sciens
328 3405 386 3440 eum
403 3391 471 3440 nibil
490 3391 581 3440 debere

83 3480 159 3540 «itm,
179 3481 373 3544 proscripserit
393 3485 421 3529 et
442 3480 510 3528 rel.»

107 3566 150 3631 aa)
170 3568 202 3617 L.
214 3568 259 3618 ³0.
279 3569 319 3618 lle
332 3570 391 3618 reb.
405 3574 508 3617 auctor.
522 3567 578 3617 iuti.

84 3667 118 3714 po.
135 3655 273 3717 (Papirius
293 3653 391 3717 iustos)
411 3657 581 3718 ulmperato·

85 3754 137 3793 tres
155 3745 311 3794 Antoninus
330 3751 357 3794 et
380 3745 465 3795 Verus
489 3745 580 3807 Augu-

89 3833 132 3880 ·sti
151 3834 364 3895 rescripserunt,
379 3847 435 3892 eos,
451 3834 496 3896 qui
511 3833 582 3882 bona

89 3930 145 3968 «tua
165 3928 266 3983 negant
284 3923 342 3971 iure
361 3925 483 3980 uenisse,
505 3936 583 3982 proc-

91 4008 196 4057 rientem
217 4011 334 4070 experiri
352 4011 459 4061 debere.
484 4017 511 4060 et
528 4010 582 4060 iru-

93 4100 153 4145 «coa
179 4097 333 4160 Principem
361 4100 518 4149 desiderare
542 4113 583 4148 re·

96 4185 222 4236 ¹scinelere
241 4187 456 4238 uenditionem.»

636 2864 760 2912 «sederit
779 2864 849 2913 bona
868 2863 984 2912 alicuius
1005 2861 1082 2925 quasi
1106 2861 1144 2910 le-

637 2953 777 3010 «litantis,
806 2953 852 3014 qui
874 2965 929 3001 non
948 2951 1086 3010 letitabat,
1117 2955 1145 3000 et

637 3041 830 3098 «uendideriu
850 3054 1020 3103 consequens
1038 3039 1090 3089 erit
1104 3040 1144 3088 di·

637 3142 737 3188 ucere,
761 3129 941 3177 uenditionem
958 3129 1088 3178 bonorum
1106 3140 1146 3178 se·

637 3222 752 3266 «cutem
768 3217 869 3265 nullius
886 3219 1010 3266 momenti
1028 3230 1108 3266 essem

671 3303 716 3368 25)
743 3306 856 3355 Tertum
880 3307 990 3356 exhibui
1014 3319 1095 3369 supra
1116 3320 1142 3369 p.

636 3392 679 3442 71.
701 3398 757 3443 not.
778 3393 804 3442 6.

671 3478 717 3543 26)
739 3482 863 3531 Catienus
877 3484 904 3531 in
918 3480 1024 3533 Comm.
1036 3484 1070 3534 acl
1084 3483 1142 3532 Lib.

638 3569 707 3618 LlX.
728 3569 815 3618 Paulli
835 3571 869 3619 ad
888 3571 1011 3621 Edictum
1035 3573 1094 3623 sub·
1115 3572 1143 3621 b.

637 3658 667 3707 L.
687 3658 729 3706 la.
752 3656 792 3721 (in
811 3657 880 3721 Opp.
896 3659 945 3708 Ed.
959 3660 1044 3723 Neap.
1065 3661 1097 3709 T.
1111 3661 1143 3709 V.

639 3760 665 3809 p.
685 3744 759 3808 757.)
784 3748 869 3796 uerba
894 3747 939 3796 illa
967 3749 1146 3810 «aliquidem

641 3834 755 3885 sordine
767 3833 854 3896 socero
862 3849 876 3880 n
896 3836 934 3884 sio
953 3837 1144 3899 circumloqui·

640 3929 696 3971 tur:
725 3926 818 3985 conequi
836 3924 968 3973 solennem
988 3926 1057 3973 iuris
1074 3925 1145 3973 ordi·

640 4024 715 4071 neon,
742 4026 793 4074 quo
822 4026 863 4060 res
888 4019 1009 4062 sereretur
1036 4013 1145 4062 credito·

639 4100 723 4148 ribus.
