3114 5046
444 390 505 454 ¹⁶8
549 388 644 490 Gap.
671 390 706 465 Ι.
759 388 821 465 De
845 394 932 467 iore
957 412 1118 465 caussae
1145 386 1414 476 Quinctianae.

285 587 423 697 :¹223ss
442 597 620 663 caussam,
643 579 890 666 defessorum,
912 597 1010 665 spem
1024 608 1066 621 -
1082 597 1151 644 non
1166 577 1263 642 modo
1279 579 1362 642 turis
1377 578 1508 641 ratione

284 702 364 754 pelisii.
440 700 586 766 trrtirmas
615 705 802 784 stannus,
839 699 898 766 sed
928 703 1028 766 ettam
1056 702 1202 765 ueritate
1228 698 1336 764 iatsas
1362 700 1508 784 atquea

441 819 551 887 'l'ullto
574 839 662 888 nunc
684 820 811 886 demum
833 823 995 905 temporis
1016 839 1137 887 caussa
1159 821 1291 886 effictas
1313 838 1401 886 esse.

504 942 637 1008 Etenim
659 943 765 1027 probe
786 944 916 1009 sciebat
939 942 1103 1028 Alienus,
1123 943 1282 1008 neminem
1305 943 1507 1008 attenuaret

440 1065 514 1129 sine
539 1062 762 1129 satisdatione
791 1066 912 1128 iustum
941 1061 1151 1128 defensorem
1181 1081 1273 1147 esso,
1308 1066 1412 1148 atque
1442 1067 1508 1128 mm

441 1189 535 1251 certo
572 1184 654 1249 illud
687 1187 721 1251 et
755 1186 845 1251 ctuttt
879 1188 914 1251 et
947 1186 1117 1269 praetorto
1150 1186 1222 1250 iure
1254 1187 1437 1274 constare,
1473 1188 1508 1248 ut

439 1307 552 1371 nultus
584 1325 692 1391 neque
720 1309 937 1396 magistratus
964 1325 1072 1391 neque
1109 1307 1263 1371 tribunus
1298 1306 1428 1393 plebis,
1464 1323 1506 1370 ne

440 1428 610 1511 improbus
639 1427 786 1514 quidem,
815 1429 957 1493 inueniri
985 1432 1119 1513 posset,
1148 1429 1202 1513 qui
1224 1426 1367 1493 auderet
1390 1431 1508 1494 eontra

440 1542 654 1624 statuere⁹⁹b

504 1722 591 1804 Quid
614 1726 717 1814 igitur
738 1726 932 1809 appellabat
953 1717 1125 1791 Alienus?
1156 1720 1216 1792 Sto
1238 1725 1412 1791 existimo:
1435 1725 1508 1792 No-

440 1847 531 1912 tebat
564 1845 753 1927 Quinctium
785 1865 857 1913 eum
886 1845 1124 1935 satisdatione,
1161 1847 1248 1913 be.
1276 1850 1374 1912 reete
1404 1850 1507 1932 atque

439 1970 488 2032 uti
522 1971 678 2052 oportet,
710 1967 830 2034 iudicio
861 1966 1043 2033 defendere
1059 1962 1106 2047 ³⁰).
1158 1964 1388 2053 caeteroquin
1422 1969 1507 2032 omni

440 2108 505 2174 ope
527 2093 629 2174 atque
651 2106 755 2168 opera
777 2090 983 2174 enitebatur,
1004 2091 1041 2153 ut
1063 2091 1312 2174 possessionem
1333 2088 1508 2155 uenditio-

441 2227 582 2295 nemque
614 2210 772 2273 bonorum
806 2209 937 2274 absenti
966 2211 996 2273 et
1025 2208 1222 2295 depelleret.
1278 2209 1379 2291 Quod
1410 2229 1508 2297 quun

442 2334 514 2396 ture
547 2334 581 2394 st
612 2331 744 2394 ratione
776 2331 841 2394 nisi
873 2331 962 2396 iusta
992 2329 1190 2396 defensione
1222 2331 1337 2396 oblata
1371 2332 1508 2419 assequi

440 2449 649 2515 nullomodo
673 2453 798 2535 posset,
820 2453 924 2535 primo
947 2454 1011 2516 uim
1027 2454 1193 2538 tentabat,
1217 2452 1509 2536 vociferationem,

440 2562 605 2638 clamores
624 2573 738 2656 popuii
760 2573 952 2658 turbasque.
1005 2572 1134 2638 Deinde
1163 2575 1219 2642 ubi
1248 2573 1331 2638 nihil
1363 2593 1403 2640 se
1427 2594 1508 2661 pro-

440 2692 539 2758 ficere
561 2691 810 2777 animaduertit,
832 2695 1002 2779 quoniam,
1029 2696 1078 2759 uti
1100 2697 1206 2759 uirum
1229 2695 1353 2760 fortem
1377 2701 1414 2761 et
1437 2715 1508 2761 ma·

474 2998 520 3062 29)
539 2998 618 3048 Haud
637 2999 754 3048 absurde
772 2999 945 3048 arcessiueru
1001 3006 1065 3050 uest
1082 3002 1173 3051 aditus
1191 3002 1225 3052 od
1246 3002 1444 3054 huiuscemodi
1468 3015 1508 3054 rss

441 3087 539 3150 aliquis
563 3099 634 3150 quae
659 3087 692 3136 de
716 3085 792 3136 flrms
816 3087 882 3135 iuris
900 3100 943 3137 es·
1000 3102 1109 3151 «neque
1128 3092 1265 3152 potentiss
1284 3093 1453 3157 cuiusquam
1466 3105 1509 3143 ns-

439 3176 537 3240 ptorati
556 3176 715 3226 auctoritate
735 3175 877 3224 uerissime
901 3174 943 3225 Ci·
1000 3190 1076 3238 sque
1095 3179 1209 3239 gratiae.
1224 3214 1232 3229 ,
1248 3215 1255 3230 .
1271 3212 1278 3225 .
1297 3179 1355 3230 Iste
1367 3187 1465 3232 uester
1476 3187 1509 3232 ts-

439 3277 503 3314 oero
516 3264 635 3327 disputat
647 3269 673 3313 et
686 3263 816 3325 exemplis
827 3262 944 3313 illustrat
1000 3264 1085 3323 ostis,
1105 3266 1152 3327 qui
1170 3279 1254 3315 ausos
1272 3273 1314 3317 est
1332 3269 1446 3331 dicero,
1467 3284 1509 3321 rs-

440 3351 467 3401 in
493 3353 616 3402 oratione
639 3364 687 3414 pro
711 3349 828 3400 Caecina
852 3364 876 3400 o.
896 3352 940 3401 25.
999 3365 1095 3403 «crssn
1113 3366 1210 3404 vronnr
1229 3368 1310 3416 eum,
1331 3356 1367 3406 do
1386 3371 1458 3421 quo,
1477 3371 1509 3408 ns

440 3439 577 3489 alliud..
594 3445 703 3501 .potest
723 3439 776 3488 dici
800 3439 882 3488 iudici
907 3440 942 3489 ab
1000 3441 1100 3489 ocutus
1126 3443 1166 3491 rsi
1191 3449 1356 3506 argueretur
1380 3447 1509 3509 quidem.

440 3527 554 3589 «atiquo
572 3539 628 3576 non
648 3533 702 3576 tem
721 3527 877 3577 uerecundo
895 3527 941 3577 ho·
999 3529 1092 3578 «seire
1110 3531 1257 3592 potuisset,
1285 3534 1344 3594 ipso
1362 3546 1512 3598 numqaum

441 3615 536 3664 «mins
567 3627 649 3677 quam
679 3615 816 3676 gratioso:
847 3615 943 3665 Iudico
998 3617 1131 3665 suaderet
1156 3619 1297 3672 inditore,
1327 3622 1423 3672 deberi
1452 3626 1512 3673 otro

440 3702 509 3750 «boo
526 3701 625 3762 foetum
648 3715 701 3752 asso
726 3707 772 3752 aut
795 3715 943 3765 numquam
999 3704 1125 3757 odotem,
1149 3718 1233 3767 quom
1250 3708 1350 3757 mulier
1368 3711 1448 3760 niolio
1466 3725 1513 3761 oo·

440 3789 700 3850 antefactum...:
715 3790 941 3840 eredsboietesti:
998 3796 1089 3840 sotere
1107 3792 1245 3843 diuinet.»
1266 3820 1296 3831 -
1318 3795 1402 3848 Cont.
1418 3801 1449 3849 in
1465 3799 1513 3850 Vo-

440 3878 511 3927 «bos
524 3878 794 3940 comprobatobutos.
814 3877 873 3927 Hoc
886 3891 942 3927 non
999 3881 1120 3929 «tiniam
1137 3894 1162 3931 o.
1183 3883 1227 3932 tt.
1249 3881 1353 3946 (Verba
1378 3889 1447 3939 nido
1471 3902 1515 3939 su·

439 3966 875 4030 opotest:ooifiliusoonotossit,
887 3967 943 4015 eins
999 3981 1068 4031 «pru
1088 3983 1115 4032 p.
1135 3969 1198 4020 156.
1218 3977 1276 4021 not.
1296 3973 1344 4024 27.

440 4057 643 4104 «testamentum
664 4066 719 4102 aon
743 4064 795 4101 esse
815 4058 939 4114 ruptum,
1033 4053 1078 4119 ab)
1098 4057 1213 4120 Respice
1231 4073 1304 4123 quae
1324 4076 1413 4128 supra
1431 4067 1517 4118 adso

440 4139 567 4189 sindico:
586 4141 656 4202 quod
674 4139 770 4190 moror
787 4141 843 4190 sine
855 4144 942 4189 tutore
997 4145 1054 4193 tnui
1073 4158 1100 4207 p.
1121 4145 1182 4198 148.
1201 4153 1260 4197 not.
1282 4149 1328 4200 tt.

440 4236 569 4278 «auctore
583 4230 743 4291 promiserit,
764 4227 861 4277 deberi.
881 4229 940 4279 Non
