3114 5046
115 342 153 416 s.
167 332 206 405 7.
223 325 464 428 Defensirmls
477 331 550 404 loct
562 339 600 404 el
620 328 700 403 VV.
719 328 806 404 ΠΗ.
821 334 1041 407 saumuro.
1071 332 1134 395 419

128 524 287 609 Quintum
314 526 451 594 Tullium
471 534 719 616 argumentum,
752 549 816 615 quo
839 533 1024 614 proximum
1051 531 1132 597 iliud
1162 539 1246 649 qm:

66 651 171 715 ueluti
193 650 323 716 cumulo
345 653 528 739 augeatur,
551 650 615 716 boc
637 651 785 736 profert,
806 669 925 717 reuera
941 651 1134 737 possedisse

66 771 204 838 fundum
234 766 435 837 Caecinam
489 770 564 852 Quo
596 771 691 837 tidem
723 773 844 858 iaciat,
879 776 975 840 uaria
1007 777 1136 861 tentat,

66 894 311 979 pomesslonem
349 891 539 959 hereditate
576 894 789 978 translatam,
837 895 1080 980 apprehensam
1114 914 1136 962 a

68 1010 245 1104 Caecilio,
268 1013 577 1102 denunciationem,
599 1014 842 1083 deductionem.
885 1017 987 1084 Certe
1008 1017 1136 1083 frustra

66 1136 149 1204 baec
170 1138 298 1226 omnia,
319 1137 369 1201 uti
390 1138 491 1223 sotis,
513 1140 649 1220 opinor,
670 1156 732 1202 suo
754 1140 830 1205 ioco
852 1139 1009 1222 apparuit
1019 1133 1072 1212 ⁵⁰).

126 1254 305 1327 Caeterum
338 1257 402 1324 bae
431 1277 563 1344 quoque
594 1263 691 1343 parte
723 1258 906 1327 secundum
943 1254 1135 1326 Caecinam

65 1382 155 1447 litem
176 1379 343 1447 dederunt
363 1378 553 1445 il'errotlus
567 1373 623 1467 61),
656 1373 945 1471 Garatontuss’),
969 1375 1134 1466 Oros⁵³)3

64 1500 124 1569 sed
145 1499 369 1568 Hotomorms
379 1494 436 1589 ⁵⁴),
461 1498 705 1588 Sobooltluqirm
717 1497 773 1589 ⁵⁵),
802 1498 1030 1577 81111111156)
1056 1502 1135 1567 aill-

65 1642 127 1710 que
149 1623 321 1689 nobiscum
342 1626 540 1711 senserunt,
561 1627 597 1689 at
619 1622 814 1707 possedisse
829 1618 1023 1690 caesuram
1041 1630 1134 1690 stre-

64 1762 129 1811 nue
160 1747 382 1832 negauerunt.
441 1742 590 1811 Media·
626 1743 833 1830 quorundam
871 1747 1133 1830 perplexamque

64 1865 230 1933 iudicandi
251 1868 415 1933 rollonem
437 1885 540 1951 supra
563 1866 818 1950 perstrinximus
828 1859 876 1945 ⁵⁷).

125 2061 287 2128 Extremo
318 2063 395 2128 loco
423 2061 504 2128 iliud
532 2062 717 2129 aduersarii
738 2062 922 2149 refellitur,
956 2060 1045 2148 quod
1067 2080 1132 2129 ne·

59 2186 206 2273 gauerat
235 2184 340 2250 ciuem
369 2183 555 2249 Romanum
584 2203 660 2251 esso
685 2180 885 2251 cosmatum.
936 2182 1011 2266 om
1034 2187 1131 2270 porto
1164 2144 1188 2173 u
1238 2161 1244 2174 ⁰

60 2325 127 2371 nos
153 2303 245 2370 baud
272 2306 380 2395 magis
408 2323 504 2391 (luam
532 2306 658 2371 caeteri
681 2305 904 2371 dubitauimus
929 2304 1037 2372 iirtzu
1059 2305 1132 2372 dis·

55 2428 269 2512 puiationem
290 2426 413 2492 firmam
434 2426 704 2512 probabilemque
726 2428 926 2493 existimare.
976 2425 1065 2509 Quid
1087 2427 1131 2493 ad

51 2547 232 2616 interdicti
254 2549 306 2614 ius
326 2566 368 2615 ac
388 2566 555 2635 caussam,
585 2566 650 2633 qua
672 2545 715 2613 de
736 2550 868 2637 agitur,
898 2548 963 2616 boc
984 2551 1133 2617 ciuitatis

50 2671 113 2737 ius
139 2671 302 2754 umuerit,
338 2688 401 2735 nos
429 2672 524 2734 tanto
553 2669 745 2734 accuratius
772 2688 875 2755 supra
905 2672 1131 2761 inuestigand-

49 2810 135 2858 mus
149 2784 204 2881 ⁵⁸),
227 2796 352 2878 quanto
374 2792 482 2879 magis
503 2809 575 2856 eam
598 2792 842 2876 quaestionem,
872 2790 960 2857 baud
982 2793 1130 2859 inutilem

51 2913 233 3001 proiecto,
253 2914 299 2980 ab
321 2912 560 2998 interpretibus
581 2913 770 3001 neglectam
792 2908 1102 2993 inueniebamus⁵⁹).

50 3214 263 3263 oausaamora,
291 3201 324 3253 ad
346 3201 427 3253 cui.
450 3216 488 3255 rs.
517 3201 567 3253 sla
623 3199 743 3253 debe.
765 3200 932 3263 5153111
953 3202 1024 3266 Opp.
1044 3204 1130 3255 locos

51 3299 152 3343 omem
170 3291 349 3357 inpaedionti,
369 3296 396 3343 ei
418 3294 514 3354 passim
531 3290 565 3341 ad
623 3290 701 3341 Tom.
715 3290 762 3340 iv.
778 3304 804 3353 p.
818 3290 881 3342 m.

52 3390 82 3431 e.
95 3381 190 3431 31.-
211 3379 281 3431 Vide
302 3381 381 3431 edam
399 3393 469 3444 quaa
486 3393 566 3444 supra
658 3377 703 3438 54)
723 3380 755 3430 io
770 3380 929 3446 Arpumeato
945 3385 975 3433 st
991 3381 1024 3433 ad
1046 3392 1071 3431 c.
1081 3381 1127 3431 14.

54 3469 184 3528 11435..
204 3467 297 3533 ibique
317 3475 373 3518 uot.
394 3470 439 3519 13.
462 3483 493 3520 ex
512 3470 566 3518 Ho-
623 3483 662 3523 rs.
678 3468 755 3531 Quod
772 3470 816 3519 uls
834 3469 979 3532 Coscinus,
998 3468 1128 3522 11131.

54 3560 169 3609 tommo
183 3557 278 3616 anuli,
297 3564 325 3609 et
336 3562 426 3608 nostra
443 3571 471 3620 p.
484 3556 547 3608 373.
624 3565 651 3609 ei
670 3560 777 3620 passim.

92 3644 140 3711 511)
158 3643 440 3709 3111134135).
455 3659 531 3710 seqq.
657 3643 702 3710 55)
721 3647 739 3696 1.
754 3647 772 3695 i.
787 3659 867 3708 supra
880 3652 935 3698 nol.
949 3645 994 3697 44.

93 3731 140 3800 51)
158 3736 248 3798 Epist.
262 3734 309 3795 Vl,
322 3734 351 3785 ’1.
365 3746 392 3796 p.
406 3734 469 3784 414.
657 3730 706 3797 55)
722 3736 739 3784 l.
754 3735 772 3784 i.
787 3747 813 3796 p.
827 3736 888 3785 511.
904 3746 962 3797 seq.

92 3821 140 3888 52)
159 3823 202 3874 Ad
215 3836 238 3875 c.
253 3822 296 3873 31.
312 3836 351 3875 rs.
373 3823 406 3872 Ut
419 3836 483 3874 uero
500 3825 564 3875 iam.
657 3819 703 3883 57)
723 3822 790 3873 Vide
810 3819 840 3885 8.
859 3823 887 3872 4.
910 3827 976 3875 extr.
996 3849 1028 3861 -
1049 3822 1126 3874 Cooi.

51 3910 92 3960 ad
112 3925 137 3963 c·
148 3910 193 3962 33.
206 3924 245 3963 rs.
268 3912 321 3974 Qui
340 3911 447 3962 ecloum
463 3911 565 3972 babuit,
624 3911 651 3960 b.
671 3924 752 3973 supro
773 3917 829 3962 not.
851 3911 896 3961 30.
911 3921 938 3964 ct
958 3910 1003 3964 38.
1022 3925 1049 3975 p.
1062 3911 1126 3963 431.

51 4000 84 4044 Oi
98 3999 132 4051 ad
147 3999 340 4064 Arqumantum
351 3999 510 4050 Holomual.
623 4011 681 4063 seq.

91 4085 140 4154 53)
158 4087 176 4138 i.
191 4087 208 4137 i.
220 4099 279 4150 cop.
291 4087 319 4137 4.
334 4084 386 4152 38.
399 4086 426 4137 3.
439 4088 467 4138 4.
480 4101 507 4150 p.
518 4087 563 4139 31.
657 4085 702 4150 53)
721 4083 752 4150 §-
766 4087 793 4137 5.
808 4100 835 4150 p.
848 4087 911 4140 401.
924 4102 1002 4154 seqq.

48 4175 264 4240 aqu-eom.
273 4175 413 4228 libusuam
425 4176 562 4229 incomm.
654 4173 701 4241 53)
720 4176 780 4229 lion
814 4185 876 4229 suni
902 4179 966 4229 mibi
989 4177 1126 4230 raieiisudi
