3114 5046
1132 328 1170 374 Xl

174 469 320 570 Quippe
346 469 383 540 in
407 465 480 543 hoo
502 465 700 567 litterarum
724 488 864 567 genere
882 468 1042 546 colendo
1059 471 1169 547 talem

99 627 257 702 arbitror
283 648 370 702 esse
396 626 504 700 huius
531 628 661 701 aetatis
688 624 856 701 ardorem
882 627 987 701 simul
1013 653 1058 706 oe
1079 653 1168 729 gra-

97 789 271 877 uitatem,
310 791 351 859 nt
375 782 424 859 ad
449 785 725 861 commentarios
753 783 920 861 edendos
946 789 1008 885 qui
1036 784 1170 863 leuiter

100 953 136 1019 et
161 969 288 1047 parum
313 945 480 1021 instructi
506 942 755 1046 prosilierint,
783 945 847 1019 uix
872 946 1016 1044 possint
1041 968 1168 1021 uanum

99 1104 276 1205 quandam
306 1105 484 1203 uniusque
520 1100 597 1178 diei
633 1100 825 1203 gloriolam
858 1102 954 1205 apud
980 1104 1167 1205 imperitos

98 1264 167 1339 sibi
193 1285 429 1364 eomparar03
466 1263 526 1361 qui
560 1268 680 1337 antem
706 1261 802 1337 bene
828 1261 878 1337 de
903 1259 1071 1338 Auctore
1097 1284 1167 1340 sno

99 1425 229 1498 mereri
255 1419 471 1521 solidaeque
495 1419 616 1496 laudis
641 1419 795 1498 fructum
825 1442 960 1522 capere
987 1418 1164 1513 uoluerit,

100 1583 155 1670 ei,
198 1590 239 1654 ut
269 1577 426 1655 alnsolnti
452 1578 589 1679 aliquid
615 1586 723 1680 atque
750 1582 787 1653 in
812 1602 882 1654 sno
908 1600 1049 1679 genere
1075 1602 1164 1681 per-

99 1739 186 1817 leoti
211 1744 489 1841 repraesentet,
528 1737 735 1814 enitendum
771 1739 937 1838 omnique
972 1761 1086 1841 opera
1120 1762 1166 1817 oo

99 1897 221 1975 studio
262 1896 520 1974 elaborandum
553 1898 613 1971 sit.
665 1895 711 1971 ld
748 1918 840 1972 nero
878 1901 946 1990 (ne
983 1894 1165 1973 duriorem

99 2056 227 2133 uidear
252 2081 358 2157 quum
383 2059 541 2133 caeteris
567 2065 639 2131 tum
663 2055 891 2158 mihinetipsi
907 2054 1029 2157 legem
1047 2058 1162 2159 impo-

98 2219 240 2310 suisse)
267 2213 316 2290 od
341 2217 480 2316 ingenii
501 2214 644 2291 modum
664 2217 781 2316 quiuis
806 2222 996 2318 praestare
1015 2217 1163 2318 poterit,

97 2400 203 2475 qunm
232 2378 348 2478 primo
375 2398 450 2450 rem
475 2372 589 2475 longe
615 2373 748 2474 diuque
774 2397 899 2451 seeum
924 2372 1164 2463 uolutauerit,

98 2533 235 2610 deinde
260 2557 334 2609 non
359 2531 468 2611 modo
496 2557 644 2628 eornm,
688 2536 748 2633 qui
775 2540 883 2609 antea
917 2535 1164 2635 seripserunt,

97 2697 297 2769 sententias
313 2695 548 2793 cognouerit,
565 2715 690 2767 nerum
708 2693 816 2767 etiam
829 2691 1051 2791 aequalium,
1070 2714 1163 2789 quo-

100 2852 145 2927 ad
164 2854 245 2928 eins
264 2851 344 2927 lieri
363 2860 509 2953 potest,
536 2849 773 2927 uoluntariam
790 2874 897 2956 opem
920 2849 1164 2950 auxiliumque
1261 2843 1264 2847 ’

101 3012 167 3087 sibi
194 3010 458 3088 eoncilianorit

178 3243 283 3320 Eece
301 3248 449 3347 primam
466 3269 649 3337 caussam,
674 3267 767 3345 qnae
784 3242 833 3319 ad
851 3215 1055 3321 Semestria
1071 3242 1164 3321 haee

103 3402 296 3478 scribenda
320 3426 378 3479 me
404 3403 552 3507 impulit
602 3402 697 3477 Nam
724 3427 829 3503 quum
859 3404 897 3477 in
921 3405 1027 3480 hisoe
1053 3400 1163 3477 libel-

104 3560 148 3635 lis
173 3562 429 3638 subtilissimas
455 3584 615 3663 quasque
642 3586 687 3639 ae
712 3560 945 3639 difficillimas
976 3563 1163 3662 quaestio-

104 3745 166 3796 nes
205 3722 392 3823 protulero
430 3721 696 3823 diligenterque
736 3729 1030 3823 pertraetauero,
1070 3719 1164 3793 duas

106 3904 161 3954 res
188 3905 298 3983 spero
321 3904 378 3955 me
405 3890 650 3958 assecuturum
679 3880 788 3958 ualde
814 3879 1019 3983 optabiles,
1047 3902 1163 3970 unam,

106 4049 142 4111 nt
167 4064 261 4116 noua
286 4043 444 4116 uirorum
471 4040 660 4118 doctorum
684 4048 883 4119 commenta
904 4048 1011 4140 atque
1030 4037 1166 4112 iudicia
