3114 5046
229 359 268 436 s.
284 347 325 420 8.
368 343 429 421 De
443 348 678 447 poaoeeoimee
692 355 729 420 et
745 344 958 420 uertditione
974 347 1164 421 donorum.
1189 344 1231 408 77

174 535 279 603 Urbis
299 537 469 602 saeculum
490 537 662 620 septimum
678 535 766 600 lilius
780 533 965 601 Praeturae
979 555 1100 602 annum
1118 536 1234 625 luisse,
1265 536 1359 575 Μ’·

172 660 429 744 constituerunt.
443 653 485 731 ²¹)

237 816 346 882 Porro
374 815 417 881 ad
446 835 519 882 eum
545 817 666 900 priuati
700 817 781 880 iuris
813 816 981 902 ellectum,
1016 818 1110 883 uulua
1136 816 1233 883 modo

173 957 332 1003 summam
354 936 598 1025 demonstrant,
620 956 639 1004 e
661 939 793 1023 publico
816 940 910 1022 quasi
931 940 1003 1003 iure
1024 937 1171 1022 accedit,
1196 944 1234 1004 ut

175 1064 230 1147 qui
255 1062 413 1126 bonorum
436 1059 657 1125 uenditionem
679 1079 800 1145 passus
832 1061 894 1147 sit,
928 1061 1107 1148 ignominia
1134 1062 1234 1126 note-

174 1189 230 1247 tur
267 1183 419 1267 tantaque
460 1185 493 1245 et
535 1183 778 1247 existimatione
806 1184 956 1267 priuetur
981 1177 1039 1269 ²²),
1084 1180 1234 1269 adeoque

174 1306 316 1368 omnium
349 1322 457 1368 rerum
491 1309 525 1367 et
554 1306 834 1387 ornamentorum,
878 1321 962 1388 quae
995 1304 1128 1388 publico
1163 1304 1234 1367 iure

172 1426 305 1490 ciuibus
326 1424 486 1489 Romanis
506 1426 716 1509 competunt,
741 1426 901 1490 iacturam
923 1424 1035 1490 faeiat.
1080 1421 1154 1505 Qua
1175 1442 1235 1488 ra·

173 1551 267 1612 tione
289 1548 493 1611 uerissimum
517 1563 592 1610 esse
614 1550 712 1631 puto,
748 1544 834 1630 quod
864 1543 962 1609 bodie
990 1543 1059 1612 diet
1076 1546 1164 1611 solet
1184 1536 1235 1629 ²³),

174 1667 314 1732 noadia-
344 1668 434 1731 illurn
463 1667 583 1751 eapitis
604 1665 874 1752 deminutionem,
908 1667 1002 1732 saluo
1029 1670 1139 1733 umen
1160 1668 1235 1753 prl-

174 1796 255 1853 uato
277 1791 397 1855 ciuium
420 1789 508 1871 iure,
528 1789 680 1855 subiisse.

176 2077 245 2127 bona
272 2075 418 2136 uenirent,
446 2075 586 2137 inelegans
605 2076 679 2126 anim
735 2080 860 2137 mortuo,
890 2075 1007 2140 tdeoqoa
1024 2075 1107 2126 atium
1132 2075 1161 2127 in
1187 2075 1235 2126 illa

175 2167 267 2214 nisum
289 2177 369 2224 aare,
392 2165 451 2214 uiui
473 2165 589 2215 laeum
605 2164 679 2229 Μ.
734 2165 825 2228 spacia
834 2165 967 2214 bonorum
978 2165 1094 2230 emptori
1104 2154 1236 2216 Seruiano

176 2253 275 2304 Contra
290 2253 462 2302 anmmlua
474 2267 499 2316 p.
519 2253 581 2303 aba.
595 2253 680 2302 uaria·
735 2253 840 2302 actione
858 2266 926 2315 opus
940 2252 1035 2305 tuisse.
1072 2251 1172 2304 Confer
1191 2267 1235 2304 au·

176 2344 243 2392 aima
259 2341 383 2400 monuit,
405 2340 570 2391 Betilienum
581 2341 679 2402 agendi
735 2354 783 2404 pra
796 2355 823 2404 p.
833 2340 877 2390 db.
893 2346 949 2392 nol.
959 2340 986 2391 d.
1004 2367 1038 2376 —
1059 2341 1119 2393 Gaii
1129 2342 1234 2392 eornm.

177 2443 263 2492 genua
280 2429 437 2479 noeaaaarlo
455 2431 582 2479 uetustius
600 2441 679 2489 assa,
735 2429 781 2479 iv.
800 2425 849 2491 55.
865 2427 908 2478 ³8.
922 2428 966 2480 80.
987 2430 1036 2480 ΙΙΙ.
1054 2426 1083 2493 5.
1098 2429 1142 2481 et.
1162 2431 1192 2480 L.
1206 2431 1234 2480 2.

179 2519 239 2582 quia
272 2518 431 2568 uniuersam
458 2517 590 2567 bonorum
615 2530 680 2566 uan-
734 2514 764 2580 ὅ.
779 2518 806 2567 1.
833 2516 1028 2580 θεωμωίιι.

179 2607 307 2656 ditionem
330 2605 441 2654 liutitiua
462 2605 566 2668 primus
588 2604 679 2654 condi·
768 2605 815 2662 21)
834 2605 1013 2655 zimmarniua
1037 2604 1058 2654 i.
1081 2616 1106 2653 e.
1127 2618 1153 2668 p.
1172 2605 1234 2656 837.

180 2695 247 2744 diosa
267 2694 414 2742 diceretur.
450 2692 505 2742 Nae
521 2695 611 2743 minua
624 2691 681 2756 pla·
735 2699 762 2743 et
788 2694 908 2758 Puqqeua
931 2692 951 2744 l.
972 2706 996 2744 o.
1024 2706 1052 2756 p.
1071 2693 1136 2752 90„
1168 2692 1237 2758 Hoff-

181 2790 231 2843 eet,
252 2780 327 2846 quod
348 2781 420 2830 ldem
446 2781 477 2831 V.
496 2780 547 2841 ll..
576 2787 681 2832 mortuo
735 2788 804 2832 torua
823 2780 981 2844 (Cir.·l’roo.
996 2795 1023 2845 p.
1041 2780 1114 2835 buo.)
1132 2781 1237 2831 ratione

180 2872 236 2920 dori
254 2872 314 2935 timi
339 2871 476 2936 quicquum
500 2875 619 2933 oportere
642 2873 681 2920 (at
735 2870 881 2919 admodum
902 2868 1033 2932 probabili
1048 2869 1078 2918 P.
1094 2869 1171 2918 illum
1186 2870 1237 2917 liu·

182 2974 204 3022 q.
229 2975 256 3023 g·
281 2964 320 3016 a.)
351 2960 477 3023 negauit,
508 2963 588 3021 atqua
617 2957 680 3007 inde
736 2958 823 3007 tilium
840 2959 992 3007 Praetorem
1011 2971 1059 3020 pro
1079 2958 1175 3007 eodem
1191 2957 1237 3006 ba·

182 3046 303 3098 edoctum
330 3061 390 3099 eaaa
413 3047 562 3104 iudicauit,
582 3051 612 3096 ul
633 3045 680 3109 qui
736 3047 868 3106 buerunt,
895 3046 942 3109 qui
964 3046 994 3095 Ρ.
1021 3046 1133 3095 Rutilius
1157 3047 1238 3108 Rufus

183 3138 278 3188 mortni
302 3137 374 3188 bona
393 3136 520 3196 emisset,
546 3135 616 3184 berar
635 3148 681 3199 po·
736 3135 847 3184 uomina
865 3148 892 3184 o.
912 3148 939 3183 u.
958 3134 1019 3184 bib.
1033 3147 1092 3183 oum
1108 3134 1154 3184 Cn.
1171 3134 1237 3186 uror·

182 3227 229 3275 tina
248 3238 332 3290 quam
350 3229 509 3287 procurator
538 3236 597 3273 essa
623 3222 681 3272 Sor·
737 3223 773 3272 lio
802 3221 921 3273 Maximo
946 3221 1044 3272 Consul
1072 3221 1131 3270 tuit.
1157 3221 1235 3271 Coni.

183 3314 222 3363 uio
238 3319 351 3364 auotore
368 3311 525 3374 tingeretur.
559 3309 681 3361 Praeter·
740 3311 870 3360 Zlmmeru
888 3311 919 3359 T.
940 3311 962 3359 l.
981 3307 1010 3372 ὅ.
1030 3311 1084 3361 75ι.
1105 3325 1130 3374 p.
1149 3310 1211 3360 281.

183 3413 210 3450 ea
225 3402 314 3464 uagis
331 3405 372 3451 eal
393 3399 538 3460 credibile,
564 3399 680 3462 primum
771 3397 818 3460 22)
848 3398 915 3448 Vide
947 3403 1053 3461 praeter
1084 3398 1155 3448 bano
1184 3413 1237 3462 pro

182 3490 234 3539 etus
251 3490 319 3539 iuria
339 3488 524 3546 conditorem,
544 3487 680 3544 Rutilium,
737 3487 860 3550 Quatuctio
879 3487 1028 3536 orationem
1048 3487 1107 3537 Goi.
1122 3488 1160 3545 11,
1175 3487 1235 3536 15t.

183 3580 310 3626 tortorem
335 3575 477 3640 abaciam,
508 3576 554 3625 ubi
581 3577 682 3625 mortui
737 3575 1236 3634 iV‚102.Leo1utlomumio.(Tab.

184 3665 248 3715 bona
269 3665 412 3724 uenirent,
433 3676 514 3727 quam
530 3664 681 3727 frequentia·
737 3660 858 3724 Benaci.)
877 3677 936 3726 cap.
948 3661 976 3712 8.
993 3663 1150 3714 Tertullian.
1168 3665 1238 3726 Apo·

183 3755 272 3802 dmum
302 3754 428 3801 uiuorum
458 3752 678 3814 praetermisisse.
735 3751 817 3812 logei.
837 3751 864 3800 lt.

186 3842 279 3905 liqui·
298 3841 449 3890 Zirmnemii
466 3840 556 3889 uerior
571 3841 680 3903 quidem
770 3836 816 3902 23)
835 3839 1108 3903 Buttmann-Hottroaq
1128 3839 1145 3888 l.
1167 3854 1191 3888 o.
1206 3836 1235 3900 ὃ.

185 3929 314 3981 mutantia
342 3942 398 3979 uuo
424 3933 515 3978 tumen
535 3928 595 3978 ioco
616 3927 679 3976 deii·
736 3928 781 3976 au.
808 3941 834 3989 p.
861 3927 922 3976 314.
958 3927 1071 3976 Niebuhr
1098 3928 1127 3975 ll.
1151 3927 1183 3976 G.
1204 3928 1235 3975 Τ.

187 4030 242 4068 aare
264 4017 333 4068 mibi
359 4017 477 4066 uidetur.
514 4017 580 4066 Nam
600 4016 683 4066 amuli
739 4015 760 4064 l.
781 4030 806 4077 μ.
825 4016 885 4065 612.
923 4015 1056 4079 Sootqny,
1088 4015 1190 4079 system
1208 4017 1235 4064 d.

188 4106 476 4169 baudmaglaarbitror
492 4105 683 4168 poluiasadom'
740 4104 812 4152 beot.
832 4105 864 4153 ti.
884 4105 916 4153 li.
936 4104 968 4153 T.
989 4104 1026 4152 11.
1047 4118 1073 4166 p.
1094 4104 1154 4154 178.
1175 4104 1234 4154 tua.

189 4193 239 4252 ilari
257 4201 375 4256 oporam
396 4200 423 4243 at
442 4208 468 4255 q.
499 4208 525 4255 g.
552 4206 577 4241 a.
601 4207 681 4256 quoru
739 4206 815 4255 seqq.
852 4191 1030 4242 stlattaria.
1052 4191 1140 4254 p.55.
