3114 5046
342 369 403 432 ¹92
457 366 552 468 Gap.
576 370 609 443 1.
657 365 722 457 ,De
748 372 833 443 iure
855 390 1014 443 cauerat
1040 364 1305 455 Quinctianae.

181 565 228 629 ‚⁰-
249 566 317 617 νηὶ·
340 578 438 623 unum
460 557 539 644 troc,
575 562 628 640 ut,
664 561 829 642 quatenus
850 558 1080 624 controuersia
1102 561 1173 646 est,
1207 555 1347 621 inesto

170 628 319 689 mm
338 681 489 768 singalas
512 679 716 744 detensionis
738 680 853 763 partes
873 681 1046 768 regantur.

400 839 495 904 Inter
517 839 651 923 primam
680 836 809 922 quidem
837 840 872 902 et
900 836 1080 903 secundam
1108 834 1189 901 nihil
1210 836 1350 925 ambigit

338 959 485 1025 'l'ertiam
514 978 595 1024 uero
624 962 768 1046 partem,
802 975 898 1043 quam
928 977 990 1022 nos
1017 959 1171 1023 emissem
1197 975 1274 1022 esse
1296 961 1348 1022 tot

338 1080 497 1166 diximus,
530 1079 659 1165 quidam
682 1082 729 1145 ite
751 1078 1017 1166 constituerunt,
1053 1080 1089 1143 ut
1111 1096 1132 1143 a
1153 1077 1304 1144 seconde
1324 1097 1347 1163 p

338 1204 444 1267 minus
472 1201 674 1288 auellerent,
713 1219 819 1285 eaque
841 1201 972 1265 ratione
994 1201 1135 1284 priorem
1158 1200 1282 1264 tertiae
1303 1198 1349 1264 dir

339 1322 425 1388 diam
446 1324 572 1387 saluam
594 1340 687 1409 esse,
709 1327 858 1388 extrema
880 1325 1006 1388 tantum
1029 1321 1140 1405 capita
1159 1321 1310 1385 interiIse
1324 1340 1349 1386 e:

339 1447 522 1509 stimorent.

404 1562 467 1646 Qui
489 1568 645 1630 auctores
673 1584 771 1649 quarn
799 1565 883 1630 satis
912 1565 1003 1630 multi
1026 1567 1093 1631 sint
1115 1583 1178 1630 nec
1199 1566 1302 1629 unius
1321 1582 1349 1629 st

340 1687 416 1774 cuii,
437 1691 537 1773 atque
552 1687 615 1771 ipsi
632 1687 729 1752 etiam
741 1688 830 1751 inter
844 1704 882 1750 se
897 1688 989 1751 uarie
1002 1685 1250 1770 dissentientes,
1264 1687 1349 1751 ratis

339 1828 423 1872 raum
446 1810 526 1896 erit,
548 1810 646 1873 unius
661 1805 829 1874 cuiusdam
845 1810 1007 1873 rationem
1022 1808 1185 1873 curiosius
1198 1808 1349 1873 examina

340 1946 405 2014 qua
426 1930 564 2017 cognita
585 1929 717 1994 facilius
738 1933 894 1995 coeterae
916 1928 1146 2014 expedientur.

403 2086 557 2153 Roaiam
578 2086 710 2175 deligo,
730 2089 766 2152 ut
789 2090 843 2173 qui
866 2106 908 2153 ex
931 2086 1085 2170 professo
1106 2104 1148 2152 ac
1162 2085 1347 2175 diiigenter

341 2210 427 2272 omni
449 2207 513 2274 hac
536 2210 716 2292 partitione
737 2203 989 2286 tractauerit⁵¹).

402 2329 466 2393 lile
500 2347 581 2393 aero
616 2329 705 2393 inter
739 2329 919 2395 secundam
960 2332 1159 2415 tertiamque
1192 2333 1322 2413 partem

340 2449 512 2516 terminum
543 2451 674 2534 posuit,
709 2453 747 2514 ut
775 2469 818 2515 ne
848 2450 936 2516 ultra
964 2454 1065 2535 caput
1095 2451 1259 2516 orationis
1286 2448 1349 2516 XX

339 2571 493 2638 recurrito
515 2572 764 2659 porrigeretur,
800 2573 943 2657 quinque
965 2575 1074 2636 autem
1097 2571 1145 2636 ilii
1166 2573 1250 2659 loci,
1284 2572 1349 2659 quii

339 2712 402 2757 nos
424 2710 495 2758 eam
518 2693 764 2779 constituimus,
785 2693 876 2756 nulio
900 2697 1130 2777 praeterquam
1151 2696 1257 2777 primo
1273 2695 1349 2761 retii

340 2816 468 2879 tertiae
491 2832 604 2879 omnes
625 2811 903 2879 adiudicareniur.

404 2931 491 3015 Quid
513 2953 596 3024 ergo
618 2925 699 3000 esti
727 2929 855 3000 Caussa
877 2936 949 3000 eius
970 2934 1190 3000 dissensionis
1212 2938 1349 3004 uniuers

340 3057 530 3140 partitionis
551 3057 713 3120 rationem
733 3055 954 3138 amplectitur.
996 3053 1100 3137 eram
1120 3076 1217 3142 quum
1239 3077 1307 3123 nos
1329 3079 1349 3144 q

341 3175 414 3240 dem
436 3177 535 3240 talem
558 3176 664 3240 tuisse
678 3172 990 3261 demonstrauimus,
1013 3180 1049 3240 ut
1067 3175 1110 3242 ad
1125 3182 1182 3242 tae
1201 3178 1349 3263 possideo

341 3315 421 3381 pars
431 3294 579 3361 secunda
591 3296 784 3380 pertineret,
799 3298 898 3361 tertia
911 3294 1047 3379 fuetrcm
1059 3302 1304 3385 possessionis,
1317 3319 1350 3387 qr

341 3435 464 3483 uocare
485 3419 645 3500 solemus,
674 3421 862 3502 spectaret3
891 3421 1010 3484 contra
1032 3417 1169 3484 Raetus
1191 3423 1349 3506 creterra

342 3538 396 3620 qui
436 3539 470 3602 in
510 3536 596 3604 hanc
632 3539 831 3603 senteutiam
870 3534 1165 3627 discesserunt⁶²),
1204 3542 1312 3609 uerba

342 3661 485 3723 oratoris

376 3945 422 4002 51)
447 3945 465 3994 1.
487 3945 506 3994 Ι.
526 3961 553 4010 p.
572 3945 686 3997 tii—³5.
707 3951 733 3996 et
750 3962 777 4011 p.
797 3947 840 3997 87.
898 3947 972 4014 aa),
1006 3951 1139 4002 Osionder
1168 3950 1239 4016 (1.1.
1268 3956 1298 4005 iu
1322 3955 1349 4006 ΑΙ

376 4033 422 4093 52)
449 4034 570 4096 Quorum
607 4048 722 4085 numero
760 4042 840 4087 suut:
899 4039 1014 4097 maniat:
1039 4066 1065 4076 -
1093 4040 1152 4090 iiic.
1179 4040 1344 4105 Dariordiru

341 4119 462 4186 Fretpius
479 4123 519 4182 (in
538 4122 586 4170 Ed.
602 4135 681 4185 supro
695 4123 741 4172 cit·
756 4138 780 4186 p.
796 4123 840 4174 36.
899 4127 946 4176 Ed.
968 4128 1046 4178 1738.
1067 4131 1095 4179 iu
1114 4128 1261 4194 synopsi),
1294 4131 1348 4182 Boe

341 4211 385 4260 to.
399 4206 475 4273 tii-i.
495 4208 664 4259 Foccioiotar
683 4209 714 4273 (l.
729 4210 747 4259 i.
760 4228 786 4276 p.
795 4213 839 4263 tt.
899 4213 939 4279 (iu
949 4215 1141 4279 Argumento),
1154 4217 1349 4286 maintardi]
