3114 5046
171 340 208 416 s.
219 331 259 401 6.
274 324 437 402 Deflet
454 325 495 399 V.
508 323 890 402 dea-Sodsceiooe
902 331 1152 427 quaestiones.
1179 329 1240 391 109

236 514 324 598 Quid
348 508 480 606 igitur?
501 513 565 598 Qui
588 535 631 581 ex
655 515 776 582 Edicto
792 518 949 601 iussuque
964 515 1137 582 Praetoris
1153 517 1241 582 bons
1276 527 1393 578 omnino

172 639 315 704 alieuius
338 635 507 723 possIdet‚
528 636 693 722 quomodo
715 630 895 722 possidet‘i
925 637 1052 723 Nempe
1078 657 1143 723 per
1166 639 1241 705 dies

172 764 332 846 triptota.
365 756 429 840 out
453 778 497 824 ex
516 758 642 825 Edicto
664 758 837 824 Praetoris
858 760 945 826 bons
968 758 1131 844 possedit,
1153 779 1241 847 quo·

172 879 269 945 modo
303 872 489 966 possead?
530 877 604 946 Per
638 881 713 947 dics
746 884 906 967 triptota.
963 879 1067 946 ouius
1097 879 1240 964 deniqne

172 1002 261 1067 bons
282 1019 328 1067 ex
351 999 473 1068 Edicto
496 1000 669 1067 Praetoris
687 1019 845 1084 possessa
858 1004 955 1089 sunt,
978 1001 1143 1087 quomodo
1158 1021 1242 1087 pos-

173 1140 268 1188 sessa
290 1115 402 1187 sunt?
421 1120 547 1208 Utique
567 1123 727 1210 perdice
752 1126 911 1209 trtpitsto.

233 1239 325 1324 outo
347 1262 432 1333 ergo
454 1235 535 1309 est‘i
572 1242 760 1310 Admodum
794 1242 954 1309 credibile
982 1243 1060 1309 mihi
1093 1244 1242 1329 uidetur,

174 1385 242 1432 cum
274 1383 321 1431 ex
350 1364 460 1431 adico
490 1365 597 1429 forma
625 1368 693 1430 tom
715 1382 758 1430 ex
781 1365 939 1430 uniuersa
969 1366 1041 1430 eius
1073 1368 1155 1431 iuris
1182 1383 1242 1430 ra-

175 1489 263 1552 tione
285 1484 561 1553 consuetudinem
585 1484 748 1571 quandam
770 1484 929 1571 loquendi
951 1488 1154 1572 obtinuisse,
1177 1504 1242 1572 qua

176 1609 276 1673 uerba
310 1608 368 1672 iila
396 1626 444 1673 etc
472 1606 604 1673 Edicto
635 1607 727 1673 dotto
753 1608 950 1695 possidere,
981 1609 1176 1695 possedisse
1207 1613 1242 1673 et

176 1731 291 1793 similis
327 1730 510 1814 praecipuo
544 1727 685 1814 quodam
718 1748 821 1794 sensu
854 1729 952 1793 etiam
989 1726 1067 1792 illud
1101 1730 1242 1816 triginta

177 1851 299 1915 dierum
322 1852 466 1935 spatium
489 1852 523 1914 in
545 1868 584 1915 se
604 1851 815 1935 reciperent,
843 1867 949 1934 eaque
971 1850 1178 1933 proprietate
1207 1855 1241 1914 et

176 1971 212 2036 sd
239 1973 328 2037 artis
358 1990 452 2036 usum
486 1974 520 2036 et
552 1972 586 2036 in
618 1972 750 2062 uolgari
787 1971 951 2036 hominurn
983 1972 1242 2037 conuersatione

177 2095 266 2179 qussi
291 2112 354 2178 per
375 2089 604 2178 compendium
626 2094 789 2158 ualerent.

231 2210 296 2281 Sic
319 2217 393 2299 ipse
416 2218 531 2279 orator
552 2217 670 2279 noster
691 2217 794 2280 uerba
825 2233 873 2279 ec
903 2211 1034 2279 Edicto
1063 2214 1242 2301 possidere

176 2356 237 2401 oon
261 2334 396 2401 dubitat
418 2335 573 2401 absolute
602 2354 783 2420 usurpare,
820 2335 875 2401 ubi
906 2335 1151 2420 possessionem
1181 2352 1244 2418 per

176 2457 242 2524 dies
265 2458 410 2547 triginta
431 2458 658 2523 continuatam
687 2449 912 2545 inteltigttv),
945 2458 1124 2541 quinetiam
1154 2456 1242 2521 ultra

176 2577 302 2644 nodum
326 2576 408 2642 iliud
430 2583 578 2643 nostrum
608 2577 851 2664 interpretandi
877 2596 987 2668 genus
1010 2581 1042 2642 in
1065 2579 1131 2642 alio
1154 2597 1242 2663 quo.

177 2699 244 2765 dsm
268 2699 480 2764 defensionis
498 2701 610 2783 capite
627 2698 798 2785 extendit,
822 2718 927 2786 esque
942 2700 1118 2764 uerborum
1135 2699 1241 2762 forma

179 2842 215 2886 ec
237 2820 376 2887 Edicto
397 2821 574 2904 possidere
597 2824 707 2886 tentat
729 2823 782 2886 uei
805 2827 940 2887 caetera
964 2822 1072 2885 omnis
1087 2837 1242 2903 compre-

181 2939 338 3024 hendere,
360 2958 577 3027 quaecunque
595 2944 638 3007 ab
654 2962 712 3028 eo,
728 2945 782 3027 qui
801 2963 821 3008 n
840 2941 1003 3008 Praetore
1026 2944 1135 3006 iussus
1153 2942 1242 3006 bona

184 3062 380 3148 possideret,
411 3082 454 3127 ex
477 3062 589 3129 Edicit
613 3066 803 3149 praeceptis
826 3061 1037 3130 obseruanda
1059 3054 1243 3139 fuerint²⁸).

210 3294 252 3359 ᾗ)
272 3293 353 3346 Comi.
373 3307 398 3345 c.
419 3294 462 3346 tt.
480 3305 507 3348 v!
538 3293 683 3356 «Quinctii
738 3295 811 3346 steri
829 3309 974 3359 sponsores
986 3300 1013 3346 et
1025 3296 1172 3347 creditores
1185 3308 1241 3347 non

191 3377 259 3436 icoo,
279 3383 387 3446 inquit,
406 3385 546 3434 solidiore
556 3396 681 3445 possesso
738 3385 962 3434 consueuerint»
982 3384 1032 3434 rel⁴

125 3528 127 3537 Ι
193 3478 301 3525 sams,
327 3485 392 3522 eom
410 3472 496 3522 Edisti
514 3473 681 3537 sponsionis·
771 3470 817 3536 28)
838 3487 863 3522 c.
882 3473 927 3523 27.
953 3473 1087 3525 «Praetor
1105 3479 1131 3523 te
1149 3486 1242 3537 quem·

195 3569 230 3617 oue
247 3560 365 3610 termula
384 3561 412 3610 in
425 3575 449 3610 c.
462 3561 488 3611 8.
509 3587 536 3596 -
559 3561 636 3611 ddde
648 3574 679 3611 er
738 3560 905 3611 «admodum
920 3560 1058 3625 possidere
1071 3562 1168 3611 iustiti
1185 3563 1243 3624 opi-

196 3642 230 3695 ioc
247 3650 304 3711 ipso
323 3662 349 3698 e.
368 3648 411 3699 8.:
436 3649 593 3699 scismsbst
614 3685 620 3699 .
642 3685 649 3699 .
672 3683 678 3696 .
738 3662 812 3698 onor
830 3663 862 3699 er
881 3649 975 3699 Edicto
994 3681 1001 3695 .
1023 3682 1031 3698 .
1052 3681 1059 3695 .
1086 3650 1156 3699 Num
1177 3650 1241 3712 quid

199 3734 358 3799 statuerius,
390 3750 450 3788 sese
475 3738 577 3787 idcirco
607 3738 680 3788 noiie
737 3738 1043 3801 «estcaussoe,quin,
1064 3738 1243 3799 stiongesii·

201 3826 348 3886 tsatisdare,
376 3840 411 3876 ne
443 3827 583 3877 uideretur
612 3826 680 3875 iudi·
739 3826 949 3888 oterpossedit‚
970 3839 1052 3887 quom
1066 3825 1243 3874 Praetoredi-
1309 3878 1312 3883 ,

202 3920 275 3962 ¹cosso
293 3915 364 3963 douo
382 3927 434 3962 sao
455 3927 488 3963 ss
505 3915 601 3965 Edicto
619 3927 681 3976 pos·
737 3915 810 3973 orit,
837 3915 886 3963 iste
910 3927 944 3964 ex
965 3914 1058 3964 Edicto
1078 3927 1133 3963 uon
1153 3927 1243 3977 posse-

203 4006 272 4048 ttcsso
299 4015 363 4049 esse.
396 4027 427 4037 -
459 4015 484 4051 e.
503 4002 548 4052 23.
579 4003 626 4051 osi
648 4016 681 4052 sm
738 4003 913 4066 oderit‚ego
927 4003 1073 4065 sponsione
1087 4003 1242 4051 uicesimi»

205 4084 296 4136 riticio
312 4090 473 4150 possedisti,
502 4104 604 4153 quaero
631 4105 680 4140 cur
737 4091 787 4141 rei.
808 4090 886 4142 Coui.
909 4105 934 4141 c.
954 4092 997 4142 29.

206 4173 273 4224 'mos
292 4192 344 4227 uon
364 4179 515 4238 uenierint,
545 4193 595 4228 cur
619 4193 678 4229 cee-
