3114 5046
179 243 272 388 sa&
296 295 359 372 Aa
376 295 443 384 (Γ.
460 250 1146 396 obamdemrcctedesendm'taoane.
1184 299 1241 362 iti

178 494 301 572 tutum,
324 489 369 569 is,
391 488 455 553 uisi
469 486 628 570 estimet,
652 504 720 551 noo
733 490 827 553 recte
843 480 1010 574 defendit,
1031 490 1104 555 siue
1118 491 1244 554 semet-
1263 496 1362 594 'pi--
1377 503 1402 540 o

178 614 303 696 ipsum,
325 628 424 695 quum
446 627 509 673 auo
531 608 664 673 nomine
680 609 896 697 conuenitur‚
918 611 990 675 siue
1011 610 1129 694 altum,
1150 612 1245 677 euius
1263 555 1342 664 P·1¹¹'·
1314 568 1402 609 ψ

177 735 379 818 procurator
399 733 463 797 eat.

236 854 373 939 Atquin
394 849 559 917 aduersus
581 869 672 937 aum,
694 852 750 935 qui
771 854 859 919 sicut
881 856 1016 938 oportet
1037 851 1158 920 iudicio
1177 873 1245 919 non

178 973 391 1058 defenditur,
411 977 564 1059 paratum
586 976 640 1039 est
662 970 835 1039 Praetoris
857 975 1044 1060 imperium,
1067 974 1154 1059 quod
1170 977 1245 1060 pri-

179 1116 261 1162 mum
286 1097 362 1162 siue
385 1095 509 1162 ducere
530 1094 675 1160 iubendo
698 1094 770 1160 siue
797 1096 832 1158 iu
859 1097 1107 1180 possessionem
1137 1097 1246 1161 bonos

178 1238 245 1283 rom
275 1215 459 1302 mittendo,
495 1214 634 1303 deiude,
669 1216 796 1301 siquis
817 1192 1009 1302 contempta
1031 1218 1248 1306 magistratus

180 1340 382 1406 auctoritate
403 1341 462 1403 aut
485 1335 619 1404 ducenti
640 1345 699 1403 aut
721 1337 906 1422 possidenti
924 1340 1166 1428 repugnauerit
1181 1338 1247 1406 ob-

181 1462 362 1547 stiteritue,
383 1461 415 1525 oi
437 1477 602 1545 manuque
624 1463 835 1525 exerceatur.

236 1581 305 1648 Hic
329 1583 433 1670 igitur
452 1583 578 1666 primus
598 1581 742 1647 tribunis
763 1581 877 1645 uuxssd
900 1579 1031 1646 ferendi
1053 1583 1149 1648 locus
1169 1584 1245 1647 erit.

238 1722 422 1788 Enimuero
454 1718 488 1784 id
517 1723 623 1805 ipsum
653 1720 809 1784 auxilium
837 1721 890 1786 oui
920 1738 1086 1806 personae
1107 1738 1245 1787 accom-

185 1843 368 1910 modabitur
388 1846 490 1927 atque
512 1860 586 1908 cum
608 1841 730 1907 effectu
751 1860 813 1907 suo
837 1841 1045 1926 profuturum
1068 1833 1149 1906 est?

238 1960 401 2050 diserto?
432 1963 542 2053 Nego.
574 1960 658 2045 Quis
686 1964 772 2028 enim
800 1962 926 2029 Alieno
954 1962 1121 2029 satisdare
1142 1980 1246 2029 recu-

185 2091 275 2152 sante
298 2106 367 2151 nou
390 2076 609 2151 defenditur?
629 2085 757 2169 Nempe
780 2081 975 2166 Quiroctioa.

239 2206 375 2293 Quippe
398 2204 549 2292 Alfenus
570 2206 661 2271 nullo
683 2206 755 2270 iure
772 2206 955 2272 obstrictus
970 2209 1041 2293 est,
1061 2226 1129 2271 non
1146 2203 1244 2270 modo

185 2333 215 2393 ut
239 2327 407 2412 satisdat,
437 2345 551 2392 uerum
580 2328 679 2392 etiam
707 2329 744 2391 ut
772 2328 826 2392 uei
860 2329 1023 2392 tantulum
1054 2325 1244 2410 Quinctium

183 2449 350 2515 defendat.
391 2449 512 2534 ltaque
535 2447 678 2532 Alfeno,
700 2451 773 2514 siue
794 2447 961 2515 satisdare
982 2450 1152 2514 recusanti
1170 2452 1243 2514 siue

181 2573 244 2636 aiio
265 2589 473 2657 quocumque
496 2567 593 2634 modo
615 2572 844 2653 procuratoris
864 2569 1008 2637 officium
1030 2570 1243 2652 detractauit,

181 2694 269 2758 uuila
283 2691 460 2758 Praetoris
474 2693 606 2757 coactio
620 2691 776 2756 imminet.
820 2687 963 2778 contra,
984 2693 1012 2756 ai
1034 2709 1129 2756 nemo
1144 2690 1244 2773 adsit,
1286 2750 1288 2755 ,

181 2817 234 2899 qui
261 2817 358 2880 recte
384 2815 486 2897 atque
516 2811 632 2877 ordine
659 2816 888 2896 procuratoris
918 2830 1052 2878 munere
1080 2811 1245 2901 fungatur

182 2935 490 3019 defensionemque,
519 2935 568 2997 uti
598 2936 750 3019 oportet,
781 2935 960 3020 suscipiat,
996 2931 1150 3012 wttctti
1180 2937 1244 2998 ab·

182 3058 286 3122 sentis
309 3056 396 3122 bona
411 3053 692 3141 possidebuntur,
712 3073 840 3139 suoque
856 3058 1006 3138 tempore
1021 3051 1244 3121 creditoribus

182 3179 394 3262 conuocatis,
407 3177 568 3264 magistro
583 3179 698 3242 creato
714 3178 924 3261 caeterisque
939 3195 982 3241 ex
997 3175 1119 3242 Edicto
1134 3175 1245 3242 Prac-

181 3302 262 3363 ioris
288 3301 353 3363 rite
381 3300 529 3383 peractis
557 3298 719 3362 uenibuut
727 3289 751 3375 ¹)
757 3315 769 3375 3
804 3298 933 3363 interea
962 3302 1072 3363 autem
1098 3297 1245 3386 Naeuio,

177 3422 317 3485 neuim
347 3420 511 3504 patiatur,
543 3420 716 3504 quominus
744 3419 817 3483 siue
848 3419 940 3483 solus
968 3420 1041 3486 siue
1068 3438 1142 3486 cum
1170 3422 1246 3485 aliis

172 3542 403 3607 creditoribus
435 3540 624 3626 possideat,
655 3537 828 3604 Praetoris
858 3539 1058 3628 iurisdictio,
1092 3545 1245 3625 potestas
1332 3564 1333 3568 ¹

173 3663 373 3747 imperiique
394 3663 447 3726 uis
468 3660 780 3728 accommodabitur.

248 3802 337 3891 Ergo
360 3801 443 3867 hacc
466 3804 560 3887 suut,
584 3820 720 3886 quorum
743 3799 1014 3884 depellendorum
1036 3820 1158 3868 caussa
1176 3802 1245 3866 ΑΙ-

185 3918 282 3988 ceno
303 3943 369 3988 non
389 3944 451 3990 suo
473 3921 535 3989 sed
557 3921 713 4004 Qutowtti
734 3923 865 3988 nomine
886 3924 1039 3992 tribunos
1061 3924 1105 4006 pi.
1122 3923 1245 4007 appel-

235 4148 257 4206 a)
271 4153 331 4205 Vide
346 4167 428 4218 supra
448 4150 477 4216 §.
493 4152 520 4204 3.
540 4168 567 4217 p.
582 4152 626 4204 aa.
640 4166 717 4219 seqq.
761 4153 765 4159 '
