3114 5046
436 384 457 445 ἓ
543 381 637 484 Gap.
656 383 691 458 1.
744 381 805 458 De
829 387 914 458 iure
939 407 1099 460 caracae
1127 384 1388 473 Quinctianae.

436 594 523 662 mus3
544 574 694 660 equidem
716 593 784 639 rem
806 577 893 639 iuter
909 576 1033 658 primas
1048 592 1171 639 censeo
1186 574 1320 663 dignam
1339 595 1430 662 esse,
1452 575 1496 642 de
1541 656 1544 661 ,

435 716 500 782 qua
520 700 711 763 accuratius
732 699 965 782 inuestigetur.

268 817 416 926 9¹:2⁸3
496 820 566 884 Iam
589 836 632 884 ne
653 836 721 883 rem
743 822 891 902 repetam
913 818 1028 905 altius,
1051 813 1247 901 docemur¹)‚
1268 819 1379 884 multis
1392 823 1496 885 antea

267 935 417 1032 ama..
433 943 542 1030 gestis
562 939 695 1005 tandem
717 939 766 1004 M.
788 938 897 1003 'l'ulllo
921 939 1047 1004 becula
1068 939 1128 1004 Ca
1145 939 1301 1005 Cornelio
1319 941 1496 1006 Dolabella

433 1057 545 1146 Coss,
578 1080 609 1126 a.
629 1081 662 1125 u.
691 1079 865 1125 rocuxxur.
897 1054 971 1145 (quo
1000 1078 1090 1124 anno
1117 1059 1201 1126 baec
1230 1079 1351 1127 caussa
1379 1063 1494 1146 paullo

435 1187 553 1269 postca
565 1181 655 1248 dicta
668 1177 733 1253 est)
749 1181 893 1263 priorum
907 1183 987 1244 anui
1001 1184 1158 1247 mensium
1173 1182 1314 1267 quodam
1330 1182 1383 1247 die
1399 1179 1495 1249 Sex-

434 1309 502 1369 tum
516 1302 676 1369 Naeuium
694 1320 767 1367 cum
782 1300 901 1366 Publio
915 1299 1073 1382 Quinctio
1086 1321 1197 1369 coram
1210 1303 1383 1386 praetore,
1398 1307 1495 1370 cuius

433 1429 521 1490 later
541 1426 634 1491 ciues
655 1422 838 1488 iurisdictio
859 1428 967 1506 osset,
994 1424 1054 1489 Ca.
1070 1425 1260 1509 Dolabella,
1282 1428 1496 1510 constitisse3

432 1547 593 1614 Naeuium
610 1547 774 1611 actionem
786 1545 927 1629 aliquam
943 1545 1019 1629 (pro
1035 1546 1129 1611 socio
1148 1547 1249 1610 luerit
1265 1565 1308 1610 an
1326 1546 1368 1610 de
1387 1565 1495 1632 pecu-

432 1669 488 1733 nia
509 1671 603 1734 certa
624 1665 767 1742 credita,
789 1685 856 1729 mon
879 1664 976 1731 buius
997 1667 1062 1732 loci
1081 1671 1133 1732 est
1148 1665 1328 1741 extricare)
1343 1666 1494 1733 dictatu-

431 1809 502 1854 rum
518 1789 638 1875 tuisse,
653 1791 789 1874 eiusque
806 1791 954 1868 nomine,
970 1791 1006 1851 ut
1021 1785 1197 1868 Quinctius
1213 1789 1390 1854 iudicatum
1405 1790 1493 1853 solui

432 1913 494 1977 sibi
509 1909 705 1992 satisdaret,
727 1912 966 1998 postulauisse‚
988 1927 1140 1975 caussam
1154 1908 1323 1974 addidisse
1337 1910 1493 1976 Edictum

431 2031 622 2116 Praetoris,
653 2030 741 2115 quod
764 2032 810 2094 ita
831 2029 997 2095 satisdare
1019 2031 1148 2095 iuberet
1169 2049 1260 2114 eum,
1288 2033 1383 2097 culus
1405 2033 1495 2097 bona

431 2171 475 2218 ex
490 2152 611 2218 Edicto
627 2151 799 2240 Praetoris
816 2151 888 2216 dies
907 2154 1047 2239 triginta
1063 2170 1222 2235 possessa
1238 2157 1363 2217 essent.
1385 2149 1494 2219 Simul

430 2277 573 2359 apparet
603 2271 791 2354 Quinctium
826 2276 975 2357 paratum
1004 2273 1109 2338 tuisse
1136 2273 1289 2339 iudicium
1318 2276 1494 2360 accipere,

432 2396 509 2481 quin
525 2399 634 2460 autem
649 2394 849 2477 satisdaret‚
864 2412 1050 2476 recusasse,
1066 2395 1218 2479 quoniam
1232 2399 1386 2484 negarat,
1404 2397 1495 2463 bona

431 2535 493 2582 sua
515 2515 687 2601 praedicto
709 2516 805 2580 modo
828 2534 987 2602 possessa
1008 2534 1094 2581 esse.

494 2638 547 2702 Ea
560 2641 803 2720 controuersia,
819 2657 892 2703 cum
907 2636 948 2702 ad
962 2639 1050 2702 litem
1065 2636 1280 2703 ordinandam
1296 2639 1495 2726 pertineret,

433 2762 581 2844 proxime
609 2758 790 2824 dirimenda
820 2763 910 2844 erat,
942 2761 1065 2844 quippe
1094 2778 1159 2843 qua
1183 2758 1341 2844 expedita
1363 2759 1493 2825 demum

432 2880 474 2945 de
496 2879 606 2945 iudicii
626 2879 787 2945 reddendi
811 2879 916 2944 torma
941 2883 1122 2944 constaret.
1130 2875 1153 2956 2)

271 3011 412 3078 ‘zava-w
494 3001 588 3088 Ergo
600 3001 742 3066 Praetor
757 3019 908 3066 causum
920 3001 1090 3086 cognouit,
1103 2999 1271 3066 decretum
1282 3002 1495 3087 interposuit.

265 3077 336 3122 ...a
432 3121 473 3189 ld
495 3121 682 3197 decretum,
704 3121 801 3187 'l'ullii
823 3124 991 3186 sententia
1006 3123 1256 3209 lniquisslmum‚
1279 3125 1494 3208 praecipuam

433 3245 463 3308 ei
486 3248 745 3327 perpetuamque
767 3243 919 3326 praebuit
938 3245 1078 3307 omnium
1094 3246 1367 3328 querimoniarum
1382 3250 1495 3310 mate-

432 3365 524 3428 riam.
545 3361 764 3444 Quamobrem
783 3361 959 3428 uidendum
980 3365 1060 3441 erit,
1082 3367 1233 3449 primum,
1255 3365 1333 3450 quid
1346 3364 1496 3431 Praetor

434 3485 648 3572 aaronem,
677 3482 797 3549 deinde
818 3482 896 3570 quid
916 3489 1070 3571 potuerit
1090 3486 1292 3573 decer-aere,
1322 3491 1495 3571 postremo

433 3607 509 3671 loco
531 3604 608 3689 quid
630 3604 797 3671 debcant.

468 3870 496 3936 1)
516 3873 582 3922 Vide
600 3887 625 3922 c.
643 3871 671 3923 8.
989 3873 1017 3922 tu
1036 3873 1163 3922 uniuersa
1177 3872 1227 3922 bac
1240 3885 1351 3933 mussa,
1372 3884 1494 3939 praeter-

467 3959 496 4023 2)
515 3961 614 4026 Aperle
641 3961 739 4012 laisum
770 3967 825 4021 est,
860 3961 933 4025 quod
989 3976 1069 4025 quam
1080 3962 1248 4023 praesensio
1257 3964 1494 4025 sponsione,nul-

434 4050 559 4101 uonuulli
579 4055 755 4112 putauerunt,
774 4051 808 4099 da
827 4064 856 4099 re
874 4053 933 4113 ipsa
989 4049 1396 4110 lomacceptumluilludlcium.
1410 4054 1511 4106 cona

434 4137 615 4189 notationum
625 4145 704 4189 aulea
714 4145 759 4188 aut
769 4153 841 4187 nuuc
850 4139 933 4201 Quin·
989 4150 1014 4186 c.
1031 4137 1058 4186 6.
1078 4143 1143 4186 extr.
1162 4139 1187 4186 7.
1208 4138 1250 4187 la.
1271 4139 1321 4186 sub
1339 4139 1387 4189 liu.
1401 4148 1429 4192 el
1447 4144 1493 4194 20.

435 4228 518 4280 cuum
535 4228 664 4278 iudicium
681 4228 827 4291 accepisse.
846 4227 935 4276 lmmo
988 4225 1033 4274 21.
1046 4225 1089 4274 ᾗ.
1103 4231 1183 4288 atque
1194 4226 1357 4288 interpretes
1366 4230 1400 4278 ad
1410 4244 1436 4279 c.
1447 4232 1493 4283 ω,
