3114 5046
64 339 103 419 s.
118 327 163 403 3.
214 322 276 403 Dc
293 328 455 402 actionis
471 329 556 402 iure
573 334 611 402 ct
626 327 807 426 formato.
829 368 872 380 -
896 326 1025 430 oripo.
1063 327 1123 391 581

125 517 248 602 ltaque
269 514 453 582 Praetores
481 518 515 580 tn
543 516 602 581 ilio
630 514 752 581 iudicio
780 513 1000 602 proponendo
1029 538 1128 605 quum
1145 539 1295 593 annm

59 640 113 705 rei
123 643 245 729 gestae
261 638 408 724 iormam,
429 637 461 703 h.
474 656 503 703 e.
516 638 581 702 uim
596 636 782 704 bominibus
801 640 938 704 armatis
956 640 1128 709 coactisua

59 762 289 846 perpetratam
317 761 431 845 potius
458 762 670 845 spectarent,
703 778 798 846 quam
827 762 921 827 uaria
943 761 1127 829 detrimen-

58 885 171 948 torum
201 899 331 972 genera
358 885 659 971 persequerentur,
689 882 731 949 de
761 882 881 950 damno
908 882 1127 970 aestimando,

58 1001 365 1090 quadruplicanda,
391 1004 568 1070 sarciendo
590 1004 639 1072 ita
659 1006 764 1073 locuti
784 1007 879 1091 sunt,
900 1007 938 1069 ut
958 1005 1040 1071 nihil
1061 1025 1127 1072 ne·

58 1143 126 1211 que
161 1125 227 1209 ipsi
260 1131 460 1211 quaererent
496 1144 605 1211 neque
642 1127 756 1213 quaeri
791 1128 835 1194 ab
867 1127 944 1192 altis
981 1128 1126 1215 uellent,

57 1248 171 1312 utrum
199 1251 402 1333 corruptum
430 1248 476 1312 sit
504 1247 629 1334 aliquid
656 1266 701 1315 an
728 1248 905 1338 obiciam,
938 1247 1000 1315 sed
1020 1250 1125 1316 tacita

56 1370 236 1437 uoluntate
257 1387 299 1437 ea
320 1370 429 1436 omnia
453 1389 519 1435 uno
540 1389 649 1437 onom
670 1371 775 1438 uerbo
795 1368 1126 1457 comprehenderent.

56 1490 133 1561 Nec
152 1492 254 1565 aitter
275 1490 433 1557 uidentur
452 1510 473 1558 a
496 1493 678 1578 principio,
698 1493 827 1559 recenti
850 1492 1047 1577 praesertim
1061 1510 1127 1558 au-

56 1616 190 1683 ctorum
211 1615 284 1682 eius
305 1612 418 1681 Edictt
445 1632 703 1699 caussarumque
724 1614 897 1701 memoria,
924 1614 1127 1703 litigatores,

55 1737 318 1823 recuperatores
345 1735 537 1821 caeterique
566 1753 681 1801 omnes
707 1735 851 1802 actionis
876 1736 929 1800 ius
956 1737 991 1801 et
1020 1735 1126 1801 uerba

55 1856 278 1924 intellexisse.

120 2010 195 2085 Sed
216 2016 337 2105 iugero
357 2018 519 2084 neminem
544 2017 655 2105 debet,
676 2017 845 2105 genuinae
865 2014 942 2081 buic
954 2030 1124 2101 sanaeque

55 2134 172 2205 timon
191 2138 463 2225 interpretationi
495 2138 584 2205 baud
610 2138 778 2206 mediocre
804 2137 986 2223 periculum
1007 2155 1029 2203 a
1049 2136 1124 2223 iope

54 2256 203 2349 AqrctIto
224 2260 360 2346 eiusque
382 2260 527 2328 actionis
546 2264 582 2327 et
601 2261 744 2327 iormuia
763 2264 797 2327 et
817 2261 960 2346 ratione,
981 2261 1030 2325 uti
1044 2262 1124 2326 tunc

54 2380 251 2467 obtinebat,
272 2382 482 2450 imminuisse.

117 2500 206 2569 Nam
228 2521 325 2589 quum
353 2505 442 2572 inter
468 2523 583 2572 omnes
612 2507 764 2590 constet,
785 2521 855 2569 non
875 2502 985 2569 iurum
1007 2520 1048 2570 ac
1070 2502 1125 2567 ia-

54 2625 191 2689 tronum
204 2626 432 2713 incursiones,
443 2626 504 2694 sed
519 2626 685 2693 bominum
699 2626 867 2711 nobilium,
882 2625 1125 2709 opulentorum,

54 2744 244 2831 potentium
264 2745 435 2815 andaciam
457 2751 493 2815 et
514 2750 610 2835 quasi
632 2745 777 2814 bellandi
791 2746 958 2812 licentiam
973 2738 1028 2809 M·
1044 2743 1123 2811 Iru-

54 2866 149 2934 cutlo
170 2870 381 2954 caeterisque
412 2870 630 2937 Praetoribus
658 2867 867 2957 proponendi
892 2867 991 2933 huius
1012 2866 1123 2935 iudicii

55 3004 214 3057 causum
235 2985 403 3074 nuse¹⁶);
444 2992 654 3077 perspicuum
684 2994 754 3076 est,
785 2991 887 3056 multo
917 2989 1126 3073 frequentius

55 3128 157 3197 quam
179 3108 271 3176 furta
290 3128 333 3177 ec
353 3112 492 3197 rapinas
513 3131 535 3178 a
556 3114 719 3199 principio
744 3116 779 3177 in
800 3111 865 3178 boc
886 3108 1039 3176 iudicium
1062 3128 1126 3175 ue-

53 3230 152 3297 nisse
179 3248 337 3321 agrorum
365 3234 592 3319 uastationes,
620 3237 785 3300 tectorum
806 3231 1068 3297 disturbationes
1089 3248 1125 3296 ee

54 3350 231 3439 incendia,
260 3353 384 3421 caedes
412 3357 728 3440 uulnerationesque
760 3370 951 3437 seruorum,
982 3351 1126 3437 denique

55 3474 166 3559 ipsum
181 3474 264 3540 iliud
284 3493 394 3542 rerum
407 3496 588 3567 ursarum,
606 3475 823 3564 fractarum,
838 3482 1026 3560 naptarum
1042 3490 1125 3541 cae-

58 3706 148 3759 mnittc
165 3706 230 3758 iocis
245 3705 283 3758 ibi
299 3707 416 3760 eoiiectts
428 3720 511 3757 unum
522 3721 565 3760 er·
622 3709 822 3771 «praedonum,
850 3709 998 3769 istrorum,
1022 3705 1125 3756 debito·

59 3794 138 3847 bibco
158 3794 190 3845 L.
213 3792 258 3844 30.
279 3808 320 3858 pr.
349 3794 562 3861 Adieg.1²aie.‚
623 3812 705 3848 arum
731 3797 800 3849 iacta
833 3799 924 3860 peiora
945 3796 1069 3852 uomina,
1095 3798 1124 3846 iu

59 3882 105 3935 ubi
121 3882 190 3935 baec
202 3883 352 3935 brbeuture
374 3900 408 3934 α.
424 3917 431 3931 .
445 3919 453 3935 .
466 3893 564 3937 mortes
622 3899 748 3938 saumana
770 3885 941 3950 quodcunque
971 3883 1123 3935 Mannum»

60 3985 223 4026 neruorum
233 3978 455 4037 caeterorumque
464 3977 565 4027 anime·
621 3976 668 4027 rei.

60 4062 162 4123 citam,
175 4059 269 4125 tarto,
283 4064 412 4125 rapinae,
426 4064 562 4124 incendia,
660 4061 703 4128 to)
724 4064 942 4117 coonsecratos
957 4067 973 4116 Ι.
985 4066 1002 4116 Ι.
1023 4080 1048 4128 p.
1061 4066 1121 4116 reo.

59 4154 190 4212 tratura,
211 4149 358 4216 naufragia,
378 4154 418 4203 un
437 4153 562 4211 bostium.
