3114 5046
323 381 364 444 74
425 378 519 480 Cep.
544 381 579 456 I.
631 379 691 456 De
707 386 803 458 iare
827 407 985 459 causaue
1014 382 1274 471 Quinctianae.

188 619 215 647 ..
230 606 272 646 s,
321 572 410 636 ueris
423 571 541 655 alieni,
562 589 657 656 quam
679 573 809 657 aequali
831 574 1048 657 proportione
1069 571 1292 639 oreditoribus
1307 569 1381 634 sol-

320 691 461 758 uendam
487 694 672 760 licitatores
698 693 872 780 offerrent,
905 692 1072 780 adeoque,
1109 689 1380 779 quemadmodum

320 814 404 879 alias
424 817 647 899 pecuniarium
671 816 810 898 pretium
832 815 991 881 licitando
1007 815 1129 881 'confici
1148 814 1254 895 solet,
1275 813 1326 877 sic
1346 812 1379 873 ln

319 936 376 999 lllo
400 935 559 999 bonorum
589 933 837 1000 uendendorum
872 911 998 1020 genere
1026 938 1221 1001 centesimis
1254 924 1315 1012 [ut
1337 928 1380 995 ad

319 1057 515 1121 nostratium
548 1055 704 1140 loquendi
737 1056 1007 1121 consuetudinem
1042 1045 1227 1143 accedam),
1257 1053 1381 1119 oblatis

318 1175 524 1261 adiectisque
545 1178 754 1260 certabatur,
789 1180 890 1262 atque
913 1179 1050 1243 uictoris
1079 1179 1153 1243 loeo
1175 1172 1381 1258 habebatur,

319 1299 374 1382 qul
407 1314 467 1381 pro
504 1294 644 1362 maxima
676 1301 772 1383 parte
807 1298 1029 1365 creditoribus
1060 1298 1311 1364 satisfacturum
1343 1312 1381 1358 se

318 1418 488 1503 pollicitus
510 1420 600 1483 esset
617 1415 666 1493 ¹³).

381 1575 584 1641 venditione
610 1577 658 1640 ita
686 1578 856 1643 celebrata
886 1576 1124 1662 praedictoque
1152 1577 1210 1640 illo
1240 1576 1382 1663 triginta

317 1695 442 1762 dierum
464 1699 574 1782 spatio
600 1700 782 1783 praeterito
804 1699 963 1783 reliquum
986 1702 1073 1782 erni,
1106 1701 1142 1761 ut
1174 1715 1194 1760 a
1216 1698 1381 1784 magistro

317 1819 406 1884 bona
428 1821 585 1903 emptori,
613 1838 718 1903 penes
741 1838 834 1904 quem
856 1819 995 1884 licitatio
1018 1819 1251 1896 remansisset,
1280 1815 1382 1882 addi-

317 1947 483 2007 cerentur.
529 1935 698 2025 anistot
730 1942 814 2004 enim
845 1959 911 2004 non
937 1936 1122 2004 Praetoris
1154 1939 1259 2003 luisse
1292 1939 1381 2003 bona

317 2059 492 2143 addicere,
524 2079 637 2125 omnes
658 2062 871 2127 consentiunt
892 2053 938 2138 11).
980 2059 1032 2124 Ile
1055 2078 1096 2125 eo
1119 2062 1308 2145 quaeritur,
1338 2075 1382 2124 an

352 2365 399 2419 13)
427 2365 505 2414 Hane
536 2365 673 2415 uendendi
699 2366 819 2415 emendi·
875 2365 893 2413 l.
917 2380 942 2428 p.
957 2366 1000 2416 05.
1038 2365 1169 2415 limmam
1187 2364 1206 2414 i·
1224 2364 1245 2414 l·
1269 2379 1297 2428 p·
1317 2363 1381 2415 253.

317 2465 371 2515 quo
393 2454 524 2503 rationem
546 2453 706 2512 obtinuisse,
739 2453 818 2502 bodie
875 2467 932 2516 seq.
969 2453 1246 2517 Betbmnnndloitwap
1270 2451 1289 2501 l.
1313 2452 1334 2503 l.
1355 2467 1382 2517 p.

318 2541 389 2590 inter
414 2554 508 2590 omues
530 2541 587 2591 lero
614 2547 737 2600 constat,
767 2553 818 2589 nee
875 2542 935 2591 300.
963 2554 1021 2603 seq.
1067 2541 1183 2605 Sooipny
1206 2541 1341 2593 Zeiiscbr.
1361 2539 1383 2590 i.

317 2629 469 2689 immerito,
484 2629 546 2678 licat
559 2643 642 2679 unum
656 2628 732 2687 iilud,
746 2629 818 2692 quod

317 2715 408 2767 allerrl
432 2717 516 2777 solet,
551 2717 682 2780 Ybeopbili
701 2718 817 2767 testimo·

317 2806 394 2855 nium
424 2806 499 2855 omni
524 2818 573 2854 suo
603 2806 694 2854 babitu
719 2806 818 2855 mirum

317 2894 346 2943 iu
379 2894 490 2943 modum
517 2899 646 2956 appareat
673 2906 816 2952 mancum,

317 2982 475 3042 lubricum,
515 2981 658 3030 contusum
689 2983 818 3044 uarieque

317 3075 484 3132 corruptum.
522 3069 581 3131 Quo
595 3075 758 3117 tamencum
772 3070 818 3118 ad·

316 3157 505 3216 bibuerimus‚
545 3157 616 3219 quod
653 3156 735 3206 Gaias
779 3158 817 3210 lin

317 3244 422 3294 Comm.
446 3245 494 3293 lll.
518 3241 567 3306 ssss.
585 3243 697 3294 *ts-at.
719 3243 764 3292 lv.
786 3241 816 3306 ὅ.

316 3328 374 3392 35.)
394 3331 558 3381 ualidissimo
583 3331 742 3390 coufirmat,
772 3332 818 3382 bo·

316 3432 413 3468 uorum
433 3427 582 3482 emptorem
609 3421 636 3468 iu
659 3421 816 3469 uniuersum

316 3506 358 3555 ius
372 3510 543 3566 successisse,
563 3522 595 3557 ac
612 3515 751 3570 propterea
761 3520 818 3557 cro·

316 3592 817 3658 ditoribusquoquoobsirlctumtuisse

316 3678 356 3743 (d.
373 3677 402 3740 §-
413 3680 457 3730 81.
467 3686 562 3741 asir),
584 3695 671 3745 nequa
691 3683 817 3745 pecunia·

316 3768 357 3816 rio
393 3768 560 3829 singularum
592 3771 750 3819 omniumue
774 3784 815 3819 ra·

316 3868 377 3905 rum
412 3858 496 3917 pretio
532 3856 642 3918 deiungi
677 3858 813 3919 potuisse;

316 3943 476 3992 necessitate
506 3944 622 4005 quadam
649 3943 719 3993 allici
741 3944 815 3994 uido-

317 4037 377 4087 tur‚
402 4036 430 4078 ul
455 4029 501 4079 illa
526 4031 564 4079 rei
596 4031 704 4093 imago.
734 4045 818 4094 quam

316 4130 396 4181 supra
411 4121 692 4180 repraesentaremus,
716 4120 815 4168 animis

316 4207 494 4269 imprimatur·
515 4227 549 4245 -
585 4205 662 4257 Comi.
682 4206 779 4257 Stiebor
795 4207 814 4255 l.

874 2629 966 2691 gesela·
996 2628 1025 2677 R.
1055 2629 1101 2679 W.
1127 2629 1158 2676 T.
1192 2629 1227 2677 ll.
1263 2643 1290 2693 p.
1319 2628 1383 2679 ³75.

877 2716 977 2765 Walter
993 2717 1025 2765 R.
1046 2715 1078 2765 G.
1100 2730 1126 2778 p.
1146 2716 1207 2766 708.

909 2801 953 2865 ll)
973 2805 1103 2853 Zimmcm
1121 2804 1140 2853 Ι.
1160 2805 1179 2852 l.
1201 2819 1228 2867 p.
1242 2804 1307 2855 25³.
1324 2818 1384 2869 seq.

874 2891 1150 2955 bethmann-Holiwep
1176 2891 1195 2941 l.
1224 2891 1244 2941 l.
1272 2907 1300 2957 p.
1321 2895 1384 2944 300.

874 2979 972 3028 Stieber
990 2979 1007 3027 i.
1022 2979 1041 3028 l.
1057 2995 1082 3041 p.
1096 2980 1141 3029 bb·
1161 2980 1261 3045 Puppi,
1281 2982 1384 3032 Rbein.

874 3067 944 3116 Mus.
964 3065 984 3115 i.
1005 3068 1117 3130 lurispr.
1135 3068 1166 3116 T.
1186 3069 1221 3117 ll.
1244 3083 1271 3131 p·
1292 3070 1338 3120 00.
1352 3095 1385 3106 -

875 3156 900 3203 ls
932 3154 1037 3204 solenni
1067 3155 1215 3206 addictionl
1244 3169 1260 3206 a
1296 3160 1387 3221 magl-

873 3248 956 3292 stratu
977 3256 1025 3305 pro
1044 3249 1174 3306 potestate
1187 3244 1334 3295 faciendae
1346 3246 1386 3297 lo·

873 3344 936 3380 cum
953 3329 1036 3380 luisse
1060 3339 1087 3380 at
1111 3332 1204 3381 statuit
1230 3338 1257 3382 ot
1279 3341 1385 3396 nogat,

874 3423 953 3481 prout
974 3425 1020 3468 aut
1047 3419 1156 3482 publica
1182 3427 1230 3470 aut
1251 3422 1386 3484 priuatim

874 3507 944 3555 bona
962 3508 1108 3557 uenierint.
1155 3508 1214 3570 Qua
1235 3510 1271 3560 ds
1294 3524 1325 3561 re
1348 3513 1387 3562 ci-

873 3599 964 3643 tantur
987 3595 1069 3645 Goion
1094 3596 1121 3645 ln
1144 3595 1254 3648 Comm.
1279 3599 1333 3651 lli.
1353 3597 1384 3665 5.

873 3680 932 3730 154.
954 3688 979 3730 et
1000 3682 1084 3731 Varro
1102 3683 1136 3732 de
1158 3683 1190 3733 ll.
1212 3685 1244 3734 ll.
1265 3686 1308 3748 ti,
1338 3689 1384 3740 10.

873 3769 964 3832 Neque
984 3762 1147 3832 negligenda
1175 3779 1242 3824 sunl
1266 3777 1299 3824 ia
1322 3778 1388 3828 Var-

871 3870 925 3905 rem
935 3856 956 3914 1,
965 3857 1009 3905 52.
1020 3863 1064 3911 51.
1075 3873 1098 3907 s.
1111 3859 1138 3910 ti.
1147 3889 1180 3900 -
1193 3864 1276 3925 Apud
1284 3876 1387 3918 omns·

871 3952 962 3996 autem
987 3949 1037 3998 boe
1063 3950 1124 4001 loco
1156 3952 1312 4015 plurimum
1336 3967 1387 4006 ua·

872 4033 921 4082 lull
952 4035 1011 4084 Gai.
1033 4038 1087 4097 lli,
1116 4039 1159 4090 tn.
1195 4042 1274 4097 luido
1300 4056 1387 4107 supra

872 4126 927 4171 not.
941 4123 981 4181 0.)
