3114 5046
340 392 403 455 aa
442 388 537 490 Gap.
564 392 599 465 1.
652 389 713 463 De
737 397 822 464 iare
848 406 1008 462 caussae
1035 384 1303 463 emeritanae.

340 590 529 655 diuturnam
558 588 796 654 dubitationem
823 589 1043 672 iteratomque
1071 587 1320 673 ampliationem
1342 603 1406 649 ex-

340 712 492 798 probrat,
523 709 613 796 quod
636 705 813 775 Caecinam
836 726 945 794 neque
967 709 1087 772 uitiose
1109 725 1219 792 neque
1240 707 1406 771 malitiose

339 835 452 922 egisse
471 834 657 921 gloriatur,
680 835 714 896 et
734 833 764 895 si
786 848 871 917 qaae
892 833 972 895 sunt
994 830 1066 925 eius
1086 829 1225 917 generis
1246 828 1376 893 similia.

400 986 563 1077 Sequitur
594 990 644 1056 rei
675 992 795 1079 gestae
829 988 977 1052 narratio
1010 978 1133 1072 (capp.
1165 977 1317 1068 t-s.)‚
1353 987 1404 1052 cui

339 1111 472 1181 adiecta
493 1116 547 1178 est
567 1112 702 1176 testium
723 1112 767 1176 ab
788 1108 984 1175 aduersario
1007 1107 1244 1195 productorum
1266 1126 1405 1173 enume-

338 1236 426 1300 ratio
449 1232 693 1317 dictorumque,
722 1230 831 1317 quoad
853 1233 888 1295 in
909 1232 1051 1315 aliquam
1075 1226 1253 1296 Caecinae
1274 1231 1405 1295 utitita-

340 1360 406 1421 tem
428 1356 581 1421 conuerti
602 1371 704 1437 posse
726 1351 921 1418 uiderentur
935 1346 975 1441 ²),
996 1354 1160 1418 recitatio.

405 1510 535 1579 Deinde
556 1513 710 1597 scopite
734 1509 783 1572 ii.
804 1512 879 1596 ipsa
900 1512 1018 1596 incipit
1040 1509 1257 1577 confirmatio.

240 1692 299 1732 im
403 1632 486 1699 Fiam
514 1637 630 1699 orator
658 1632 833 1699 exorditur
860 1633 964 1698 ueluti
991 1651 1012 1697 a
1040 1650 1167 1697 summa
1194 1634 1279 1698 iuris
1308 1634 1405 1697 iasii-

340 1755 474 1841 tiaeque
495 1759 616 1820 natura
637 1760 672 1820 et
692 1755 824 1821 ratione
845 1755 1012 1839 insitoque
1027 1744 1173 1840 quadam
1188 1757 1405 1839 necessitate,

339 1894 405 1962 que
427 1874 610 1962 efficiatur,
642 1880 680 1942 ut
709 1875 798 1963 qnod
827 1877 859 1940 ui
889 1878 1050 1942 eternis
1077 1878 1300 1963 gestumsit‚
1336 1879 1405 1941 iure

338 1996 486 2064 rescindi
508 2016 608 2082 posse
631 1999 804 2082 oporteat,
837 2015 924 2064 neue
954 2001 1007 2083 qui
1038 2002 1177 2082 propter
1205 1998 1272 2062 uim
1295 2015 1410 2063 mmm-

341 2123 407 2185 tam
429 2121 647 2204 possessione
660 2122 793 2206 eurem,
813 2121 948 2185 actione
968 2118 1012 2185 ad
1034 2116 1301 2202 recuperandam
1323 2138 1406 2205 pas-

340 2243 526 2306 sessionem
547 2240 665 2307 carere
687 2241 804 2323 possit.
847 2238 960 2322 Quare
981 2241 1134 2325 quoniam
1157 2242 1192 2305 in
1207 2239 1405 2307 Praeturam

341 2359 462 2428 edictis
482 2359 574 2426 atiud
595 2360 794 2446 experiundi
813 2380 939 2450 genus,
961 2380 1025 2447 quo
1050 2356 1223 2447 Caecina,
1245 2360 1405 2429 eiusmodi

222 2498 225 2505 ’
340 2483 405 2547 uim
426 2483 469 2549 ab
490 2478 643 2548 Aeuom
666 2502 805 2571 passas,
832 2485 866 2547 in
895 2483 984 2548 iilum
1007 2483 1303 2549 fundumrestitui
1324 2501 1405 2568 pos·

339 2604 403 2690 sit,
424 2609 657 2689 praeterquam
679 2603 743 2670 hoc
764 2604 998 2688 interdictum,
1018 2624 1102 2671 sane
1123 2604 1249 2669 nullum
1271 2606 1403 2671 inueni-

341 2729 414 2808 tur,
438 2743 505 2789 nou
528 2728 642 2810 potest
664 2721 839 2810 coecum,
875 2727 974 2792 sicuti
1002 2725 1181 2793 interdicto
1212 2729 1306 2815 egit,
1341 2744 1403 2791 non

339 2851 434 2914 recte
456 2849 580 2937 egisse.

403 2965 465 3036 Cui
494 2971 692 3056 argumento
727 2988 849 3035 uerear
880 2989 923 3036 ne
956 2972 1014 3037 tali
1048 2971 1121 3037 iere
1153 2970 1287 3036 ratione
1322 2967 1402 3038 Pisa

342 3092 471 3157 obuiam
493 3096 634 3157 uenerit.

404 3211 473 3295 Qai
493 3219 567 3279 eim
588 3220 743 3279 atrocem
764 3216 808 3280 ab
831 3216 946 3304 aliquo
967 3235 1095 3302 parares
1113 3213 1244 3299 scierit,
1276 3214 1403 3298 dupiict

404 3339 505 3402 modo
536 3343 653 3422 poteri
685 3343 721 3403 ei
752 3337 912 3423 effectam
947 3338 1169 3404 cormtderare
1208 3343 1244 3403 et
1282 3337 1404 3427 aperrdi

404 3458 587 3523 conuitium
608 3477 745 3540 capere·

404 3576 582 3645 Nimirum
603 3584 668 3644 aut
689 3599 732 3643 ea
754 3580 829 3645 rota
851 3580 1034 3669 spectabit,
1057 3599 1146 3669 meae
1166 3586 1206 3646 ia
1220 3601 1406 3670 perreriam

406 3701 554 3789 cadant,
591 3700 703 3767 aelati
739 3700 904 3790 audouera,
941 3702 1106 3787 creatora,
1142 3704 1406 3784 coaeternarum,

376 3970 402 4035 ⁴2)
421 3972 595 4033 Arripiuntur
613 3986 643 4024 ea
667 3974 843 4034 potissimum,
901 3978 1052 4022 coactorum
1072 3979 1293 4036 armatorumque
1310 3981 1410 4026 terrore

344 4060 414 4110 unde
439 4060 546 4122 pianum
569 4063 615 4111 siat
641 4059 722 4124 (quod
749 4062 844 4113 aduar·
902 4060 1062 4119 prohibitum
1092 4074 1149 4111 ease
1179 4061 1341 4124 Caecinam,
1379 4077 1410 4114 ne

341 4153 425 4200 sarius
452 4163 598 4211 numquam
622 4151 751 4199 infitiatus
778 4147 842 4212 est),
901 4155 1011 4200 intraret
1027 4148 1159 4205 iuudunr.
1180 4164 1237 4211 quo
1260 4152 1295 4202 de
1316 4157 1410 4216 amiur.

343 4242 370 4288 ui
393 4240 526 4300 minisque
543 4240 688 4301 quinetiam
706 4239 843 4289 hominurn
902 4240 1049 4299 propiusue
1062 4238 1213 4291 accederet.
