3114 5046
313 330 350 401 s.
376 318 415 387 6.
473 311 530 386 De
554 318 639 387 iure
666 316 843 387 ciuitatis.
1057 310 1120 374 403

117 512 242 579 Altero
274 514 350 578 loco
389 514 423 576 in
462 515 605 577 mentem
635 510 735 576 alleui
767 511 898 575 uenerit
916 482 1121 596 'pecniioris

57 633 173 719 forano
204 637 401 719 sponsionis
433 636 656 721 contractae,
691 634 726 697 et
748 630 836 716 quod
862 628 977 699 Gaius
999 630 1118 718 docet,

59 757 286 841 stipulationis
300 755 387 820 illam
402 756 675 838 conceptionem,
698 753 789 817 [lana
805 743 983 817 soonoas?
1005 748 1121 818 Soon-

59 894 142 966 oro,
175 877 295 943 ciuium
318 873 542 940 Romanorum
565 877 732 960 propriam
756 892 851 959 esse,
878 890 942 939 nec
965 876 1121 964 peregrl-

60 1017 152 1085 num,
175 998 230 1083 qul
252 998 300 1062 itu
320 997 567 1080 stipulationem
590 997 815 1079 contraxerit,
837 993 915 1060 iude
937 999 1045 1061 teneri
1063 1000 1121 1060 aut

58 1137 163 1210 agere
185 1136 284 1203 posse
299 1110 332 1195 ⁶).

1139 510 1275 561 hrum*

1138 567 1289 619 spor-'ami

120 1238 250 1322 Quodsi
282 1240 330 1303 ita
361 1239 499 1323 sponsio
530 1239 620 1303 inter
649 1234 842 1306 Caeciliam
870 1244 905 1306 et
933 1236 1122 1306 Aebutium
1232 1236 1235 1243 ’

59 1362 152 1428 laeta
180 1360 260 1446 tuit,
296 1357 447 1446 equidem
475 1379 616 1426 caussam
652 1360 732 1426 nihil
764 1359 858 1448 dico,
894 1364 974 1447 quin
1005 1362 1122 1427 merito

60 1478 144 1550 Piso
165 1482 361 1569 negauerit,
397 1499 437 1546 eu
459 1483 660 1566 sponsione,
697 1483 759 1546 nisi
783 1485 931 1548 ciuitatis
953 1485 1005 1546 ius
1029 1478 1123 1549 cae-

59 1607 161 1669 cinae
188 1602 352 1669 incolume
382 1606 491 1689 esset,
527 1603 615 1668 uinci
643 1600 834 1670 Aebutium
867 1604 1124 1671 condemnariue

59 1743 172 1811 posse.
214 1723 264 1789 At
295 1743 363 1789 non
395 1722 493 1788 modo
523 1725 751 1813 exploratum,
786 1724 846 1790 sed
879 1726 1124 1810 reprobabile

61 1843 192 1931 quidem
214 1842 319 1931 duco,
340 1846 397 1911 illa
418 1845 599 1930 stipulandi
622 1845 728 1910 iormo
750 1847 940 1935 litigatores
961 1849 995 1910 ln
1015 1834 1124 1932 spon-

62 1968 156 2032 sione
178 1965 409 2033 contrabenrla
429 1986 511 2031 usos
531 1967 654 2050 fuisse,
686 1970 744 2031 out
773 1969 907 2032 omnino
936 1969 1037 2033 talem
1059 1966 1124 2034 hoc

63 2089 136 2156 loeo
169 2089 423 2155 controuersiae
454 2089 593 2153 formum
624 2087 804 2177 figuramus
843 2092 878 2154 in
911 2084 1125 2155 defendenda
1188 2108 1192 2115 ·

65 2212 218 2293 utrlrrque
239 2226 362 2275 caussa
382 2210 626 2275 intercessisse.

124 2376 259 2443 Etenim
292 2377 399 2441 solum
432 2395 494 2460 per
524 2396 563 2442 se
600 2382 796 2462 sponsionis
829 2396 948 2443 nomen
981 2397 1048 2442 non
1084 2396 1125 2444 eo

53 2500 176 2581 potest
209 2499 342 2586 uslere,
377 2503 413 2562 ui
445 2500 639 2564 necessario
673 2497 856 2581 efficiatur,
892 2499 999 2584 ipsum
1032 2501 1127 2566 llari

52 2610 242 2686 saonorsi
275 2615 436 2685 Soonnro
466 2618 649 2704 stipulandi
679 2638 790 2706 genus
817 2622 905 2685 inter
935 2615 1128 2686 &emisam

52 2744 102 2804 et
126 2738 315 2807 Aebutiam
343 2740 547 2806 celebratum
575 2758 667 2806 esse:
703 2742 799 2806 immo
828 2738 977 2807 Pacilus
1008 2744 1127 2808 auctor

100 3083 127 3152 5)
146 3083 208 3136 Gai.
224 3085 281 3145 ill,
302 3083 346 3135 ii.
374 3078 489 3135 «Verbis
502 3083 568 3134 obli·
625 3088 806 3137 omuuossiue
829 3089 997 3150 peregrinos,
1020 3087 1125 3141 ualeat:

55 3182 78 3215 ⁸
90 3178 161 3239 anuo
175 3175 207 3231 bi
218 3188 250 3227 ex
264 3176 469 3237 interrogatione
483 3179 510 3225 ei
527 3186 569 3224 re·
626 3191 639 3219 α
650 3183 677 3226 et
689 3178 814 3236 quamuis
834 3175 868 3225 ad
887 3175 1013 3227 Graecum
1032 3187 1126 3226 uocem

55 3267 246 3327 *sponsione
258 3263 568 3316 uelutliaursronussi
625 3276 789 3327 «expressae
799 3263 900 3316 luerint
910 3297 937 3313 ..
951 3299 969 3325 .‚
984 3267 1063 3316 eiiam
1076 3264 1127 3316 bae

60 3361 234 3412 tuorum.
254 3351 363 3402 Dnrsi
384 3365 476 3412 uase,
496 3352 569 3402 Pro·
625 3359 737 3404 «immeo
758 3355 827 3404 iuter
845 3357 918 3404 ciues
930 3354 1064 3403 Romanos
1079 3368 1127 3407 aa·

63 3442 210 3493 ¹urrais?
228 3453 396 3502 aremare,
416 3443 485 3491 iios
501 3454 569 3491 ruo·
625 3443 722 3492 olant.
739 3476 769 3491 ..
796 3441 833 3490 Aa
854 3443 898 3493 illa
916 3442 1061 3494 uerborum
1079 3441 1126 3493 ob·

72 3535 215 3584 «minui
230 3545 298 3584 rior
317 3543 479 3589 saeuisse,
498 3531 569 3580 Fron
625 3531 736 3593 «ligatio
749 3531 823 3580 linui
835 3533 980 3581 saosuaai
996 3543 1125 3580 arenoso

73 3624 190 3674 “mani
219 3634 288 3672 rma
308 3632 411 3680 russo,
442 3619 568 3669 Facrssi
625 3619 715 3670 «adeo
737 3622 844 3681 propria
870 3622 971 3670 ciuium
993 3621 1126 3672 liomsuo·

80 3719 205 3763 siacum.
219 3707 250 3773 ss.
260 3708 305 3760 ii.
319 3708 373 3761 Sed
385 3707 569 3770 bueeouidom
625 3720 639 3751 α
649 3720 706 3757 rum
721 3713 776 3766 esi,
791 3713 821 3756 ut
832 3720 866 3759 ue
881 3709 989 3769 quidem
1002 3712 1029 3758 iu
1044 3708 1126 3759 Grae·

10 3832 13 3837 -
82 3800 234 3853 *uerborum
256 3798 381 3862 obligatio
397 3798 470 3848 liaur
484 3809 567 3848 saon·
625 3809 638 3839 n
649 3809 708 3846 eum
733 3808 881 3847 sermonem
892 3809 950 3858 ,per
968 3800 1125 3859 interpreta-

82 3890 160 3941 «osai
186 3900 315 3939 saosoro
338 3888 445 3949 propria
467 3888 567 3936 ciuium
624 3887 745 3935 «aionem
764 3886 869 3945 proprie
880 3885 1014 3936 transierrl
1030 3888 1122 3947 possit,

83 3977 268 4031 *Romanorum
287 3982 345 4035 ast;
365 3982 484 4027 caeterae
501 3986 568 4025 uero
624 3976 770 4036 «quamuis
789 3974 919 4024 ditatura
933 3974 1034 4026 Graeca
1055 3987 1123 4027 uoce

80 4071 151 4118 *iuris
164 4069 283 4131 gentium
299 4071 376 4124 suut,
389 4066 482 4126 itaquo
498 4064 568 4113 iuter
625 4076 638 4106 o
647 4064 757 4126 figurata
768 4075 882 4114 esseo-
890 4062 965 4114 cont.
974 4060 1120 4127 §53in

79 4169 180 4209 tomues
194 4155 331 4213 homiues,
350 4155 410 4203 siue
423 4155 497 4204 ciues
514 4150 567 4202 llo·
