3114 5046
58 348 94 423 s.
111 337 154 410 8.
181 332 243 406 Αἱ
261 330 328 419 0¹.
346 331 535 405 absentem
552 341 654 405 reete
671 327 882 428 defenderit
898 351 1025 405 necne.
1066 328 1126 391 159

57 525 237 610 gistratum
267 521 385 603 decet,
416 523 464 584 ita
493 521 677 585 Burrienus
705 519 849 586 Praetor
880 518 1041 586 audaciae
1062 519 1127 583 ob-
1146 522 1285 633 ffi'ss

58 645 217 730 sistebat,
247 660 356 728 neque
378 640 420 707 de
442 646 535 707 stetu
557 640 727 708 deturbari
750 659 789 707 se
810 643 959 726 sinebat,
987 638 1128 724 perdltls
1146 639 1226 690 ”¹¹¹⁶-

59 766 212 830 omnibus
232 765 336 829 rebus
352 762 394 828 ad
410 765 567 829 auxillum
583 764 788 828 tribunorum
807 761 942 828 tandem
958 763 1128 851 confugit:

59 905 124 950 non
159 904 228 971 quo
262 904 381 952 nouum
410 886 473 950 sibi
503 883 544 949 de
573 883 795 949 satisdatione
822 887 875 949 lus
906 885 1128 965 statueretur,

59 1007 278 1073 Praetorisue
299 1005 343 1072 de
372 1024 413 1071 ea
440 1024 477 1070 re
507 1005 695 1089 decretum,
724 1007 865 1070 omnium
894 1007 1051 1090 opinione
1073 1007 1128 1070 iu-

59 1130 255 1216 stissimum,
272 1129 513 1213 corrigeretur,
537 1126 653 1192 sedeo
671 1129 782 1212 potius
796 1128 947 1216 consilio,
969 1130 1007 1191 nt
1020 1127 1127 1211 ipsam

60 1251 222 1315 bonorum
246 1250 493 1333 possessionem
514 1246 822 1333 conditionemque,
844 1268 942 1332 quum
961 1265 1046 1333 quae
1061 1265 1129 1311 una

61 1374 148 1436 esset
183 1375 281 1436 recta
310 1373 346 1434 et
379 1368 522 1434 honesto
555 1370 628 1434 elus
661 1368 881 1454 depellendae
908 1372 1013 1454 ratio,
1041 1371 1130 1434 iusta

61 1494 190 1558 scilicet
215 1508 256 1557 ac
278 1492 378 1575 plena
401 1489 572 1584 defensio,
593 1491 656 1556 sibi
679 1490 891 1578 displiceret,
914 1493 1040 1555 minore
1055 1509 1130 1554 mo-

62 1615 158 1678 lestia
181 1614 242 1677 aut
265 1630 327 1696 per
346 1612 529 1701 gratiosam
545 1612 751 1677 tribunorum
767 1613 1038 1677 intercessionem
1054 1611 1129 1675 sru-

64 1738 187 1799 straret
221 1737 323 1818 atque
354 1731 532 1813 euaderet,
564 1736 639 1817 aut,
671 1734 700 1797 sl
733 1750 847 1818 parum
880 1750 1042 1817 prospere
1072 1749 1129 1797 rea

64 1854 147 1939 opud
170 1856 327 1920 tribunos
350 1854 393 1938 pl.
414 1871 553 1920 cessura
575 1857 685 1935 esset,
708 1854 794 1920 ndeo
817 1857 927 1919 temen
943 1858 1129 1918 moreretur

64 1984 91 2041 et
112 1976 311 2061 impediret,
333 1974 442 2041 donec
464 1977 642 2064 collegium
658 1977 889 2061 conuenisset,
911 1975 1129 2061 cognouisset

64 2116 97 2167 ae
128 2090 405 2183 decreuisset),
444 2098 523 2182 quin
559 2117 599 2162 eo
639 2095 787 2162 tortasse
823 2098 922 2162 etiam
957 2096 1127 2181 aliquanto

66 2219 193 2287 diutius.

93 2496 137 2560 tt)
158 2498 238 2561 Quae
256 2497 291 2548 de
309 2498 500 2561 antiquissimo
522 2498 569 2549 tri·
625 2498 727 2549 trilouui
746 2497 774 2547 ui
793 2498 965 2560 magistratus
984 2496 1129 2548 lam-adhi-

66 2587 196 2638 luuorum
207 2587 267 2636 iure
277 2586 349 2649 apud
361 2583 473 2636 Gellium
480 2585 567 2648 (xlll,

66 2674 126 2739 120),
146 2689 163 2726 e
181 2674 306 2724 Varrone
320 2676 505 2737 potissimum.
526 2688 570 2724 eu-

66 2762 144 2814 iiiito
164 2776 278 2827 quoque
299 2762 363 2811 libri
379 2761 451 2811 XXI.
471 2762 569 2812 lterum

67 2852 248 2900 Romanunm
267 2848 437 2912 fragmento,
469 2853 569 2914 gratis-

66 2940 126 2989 sima
137 2940 220 2990 uobis
229 2939 374 2989 traduntur
383 2938 480 3002 (pauca
488 2953 569 3004 quae-

66 3025 568 3092 damexcerpsisuprap.tlt⁰.uot.l.)‚

66 3129 93 3165 ea
116 3129 247 3179 maguam
275 3122 379 3178 partem
407 3129 461 3166 nou
489 3117 569 3167 modo

66 3200 140 3252 Gellii
159 3204 209 3254 aed
229 3203 313 3252 etlam
336 3203 464 3254 Varronis
481 3209 569 3255 aetate

66 3292 163 3342 dodum
173 3292 299 3343 obsoleta
308 3290 408 3352 luisse,
428 3293 462 3341 ab
472 3294 568 3343 iisdem

68 3380 105 3430 hia
117 3382 233 3431 testibus
246 3381 414 3443 amplissime
427 3380 570 3430 conflrma-

66 3473 115 3518 tur.
164 3469 227 3532 Quo
254 3482 370 3519 numero
392 3469 464 3518 haud
488 3469 569 3519 dubie

626 2587 683 2636 beri
710 2591 804 2649 coepta
829 2586 863 2635 ad
886 2586 1016 2635 auxilium
1040 2584 1129 2635 tereu-

625 2674 690 2725 dum
700 2674 785 2724 ueluti
795 2674 920 2725 manibus
932 2673 1129 2737 appellantium

626 2764 827 2826 arriperentur,
854 2764 939 2813 immo
957 2764 1003 2825 qui
1022 2762 1130 2813 Praeto-

625 2852 662 2901 ris
682 2851 790 2901 decreto
814 2864 908 2914 parere
933 2856 1127 2914 grauarentur,

625 2941 715 2989 statim
745 2941 817 3003 apud
848 2941 937 3004 ipsum
973 2938 1128 2989 Praetorem

626 3028 830 3091 profiterentur,
854 3029 976 3078 tribunus
995 3027 1081 3091 plebis
1100 3039 1130 3077 se

625 3116 826 3180 appellatum,
857 3116 948 3179 paullo
967 3117 1065 3166 deiude
1084 3129 1130 3179 po·

625 3210 683 3254 stea
703 3205 826 3254 tribunos
851 3206 970 3264 adirent,
998 3209 1130 3268 potestate

627 3292 697 3343 laeta
716 3305 840 3342 caussam
859 3293 931 3356 apud
950 3306 996 3343 eus
1008 3299 1128 3354 orarent,

626 3381 742 3444 coguitis
755 3381 942 3444 peractisque,
959 3395 1029 3444 quae
1042 3383 1081 3431 illi
1095 3382 1129 3432 ad

626 3483 684 3518 rem
704 3471 840 3533 pertinere
859 3475 1014 3531 censerent,
1038 3470 1131 3521 decre·

66 3556 481 3620 illudquoquelralteudumest‚
497 3557 569 3620 quud
625 3563 683 3608 tum
702 3558 811 3620 collegii
829 3559 1035 3621 singulorumue
1060 3559 1132 3609 accl-

65 3645 282 3705 demoustratur,
314 3646 425 3695 uouulsi
453 3646 486 3695 iis
512 3644 570 3695 lere
626 3651 732 3712 pereut.
771 3643 904 3710 (Obserua
927 3661 1027 3711 quaeso
1046 3653 1129 3698 totam

65 3734 145 3783 rebus
174 3734 301 3783 tribunos
332 3733 369 3796 pl.
402 3735 570 3783 intercedere
625 3735 742 3785 sormam
761 3743 787 3786 et
805 3736 902 3786 taciem
927 3737 1001 3786 illius
1027 3737 1130 3787 decreti

64 3823 202 3884 potuisse,
221 3821 319 3884 quitus
334 3827 487 3882 pressantes
506 3821 571 3884 [υἱι-
627 3825 654 3874 iu
673 3825 808 3887 Scipionis
828 3824 939 3874 Asiatici
959 3838 1055 3876 caussa
1070 3826 1129 3876 red·

64 3915 131 3960 unt.
161 3912 229 3961 Nam
244 3916 386 3960 crescente
399 3912 570 3961 tribunorum
627 3912 1128 3976 diti,apudGelliumvll‚1lt.Coul.

64 4001 203 4062 potentia,
222 4013 276 4050 uec
298 3998 393 4062 paullo
410 4006 474 4050 aute
492 3999 572 4062 septi·
628 4015 709 4065 supra
729 4017 755 4065 p.
775 4002 835 4052 143.
855 4006 911 4052 uot.
930 3998 970 4066 7.)
1013 3984 1015 3990 “

64 4102 139 4137 um
153 4089 228 4138 urbis
240 4087 395 4147 saeculum,
409 4101 442 4138 eo
451 4088 572 4151 prolecto
662 4090 733 4153 Quid
766 4091 870 4141 interea
899 4088 1040 4140 Praetori
1069 4089 1129 4138 Nou

64 4183 224 4238 peruemum
244 4183 320 4236 erat,
341 4182 371 4225 ut
383 4178 428 4226 uix
441 4190 571 4241 umquam
627 4180 737 4239 dubito,
757 4181 823 4243 quin
842 4179 1003 4229 tribuniciae
1015 4182 1129 4241 potesta·
