3114 5046
326 371 387 435 108
431 371 526 474 Cap.
553 372 589 447 1.
641 371 703 447 De
729 375 814 446 iare
840 394 1001 446 caussae
1029 369 1294 459 Quinctianae.

242 570 288 609 '1
324 566 476 650 Denique
496 560 540 628 ad
563 565 666 627 iotam
689 578 830 628 caussae
853 559 1076 643 Quinctianae
1092 564 1238 647 speciem
1260 577 1304 625 ac
1326 576 1392 623 na-

324 693 429 754 turam
467 688 533 750 tam
567 685 741 768 praeclare
775 682 935 769 quadrat,
969 688 1006 748 ut
1038 700 1146 767 neque
1180 681 1392 746 dissimulare

323 809 438 894 uelim,
470 825 542 872 eam
567 826 611 872 ex
632 804 729 871 buius
749 805 1031 891 contemplatione
1053 805 1216 894 originem
1238 803 1391 887 cepisse,

324 947 432 1015 neque
455 930 586 994 omnino
614 928 813 1017 intelligam,
845 925 1009 1013 quomodo
1037 926 1165 992 reiecta
1191 925 1248 989 illa
1270 924 1391 990 conic-

324 1055 420 1119 clura
452 1068 593 1117 caussae
623 1050 816 1135 propositae
846 1050 899 1113 ius
931 1053 966 1113 et
999 1049 1120 1113 natura
1151 1043 1390 1132 comprehendi

324 1173 442 1258 possit.

386 1330 436 1395 At
458 1330 543 1394 enim
568 1326 682 1397 Gaea
708 1332 809 1414 atque
841 1312 1013 1415 Ulpianus
1040 1328 1076 1392 in
1104 1324 1300 1411 supradicta
1329 1344 1391 1391 sa-

325 1453 516 1516 tisdationis
548 1453 857 1517 commemoratione
868 1443 906 1527 91)
938 1449 981 1515 de
1010 1448 1127 1515 diebus
1155 1450 1222 1513 iliis
1247 1449 1391 1537 triginta

325 1577 457 1658 tacent3
483 1573 665 1657 quinetiam
687 1572 748 1636 lex
764 1569 881 1662 Iulia,
911 1590 1008 1657 quam
1029 1569 1072 1635 de
1093 1570 1297 1658 ignominiae
1318 1571 1391 1634 lure

325 1694 437 1777 paullo
458 1697 560 1759 antea
573 1695 804 1779 recitauimus,
825 1693 984 1759 bonorum
1003 1693 1249 1777 possessionem
1265 1693 1391 1755 omisso

324 1815 382 1879 lllo
404 1817 564 1900 temporis
583 1818 695 1899 spatio
717 1814 925 1879 demonstrat
935 1807 984 1893 ²⁵).

386 1936 544 2002 Nostrum
567 1939 670 2024 igitur
692 1939 756 2002 erit
777 1940 836 2001 aut
858 1935 983 2002 diuersi
1011 1937 1093 2000 iuris
1122 1954 1275 2002 caussam
1306 1955 1391 2021 pro·

326 2059 423 2143 bare,
451 2060 526 2142 aut,
560 2078 657 2142 quum
688 2077 786 2122 unum
817 2059 940 2142 ubique
961 2058 1013 2122 ius
1034 2057 1249 2124 scribentium
1271 2059 1391 2122 animis

325 2180 498 2244 obuersari
532 2181 772 2265 statuerimus,
809 2179 984 2244 uerborum
1021 2181 1113 2243 uarie
1149 2148 1390 2264 conceptorum

324 2301 486 2364 rationem
507 2297 660 2364 reddere.

386 2455 491 2522 Mitto
521 2457 616 2541 prius
642 2458 832 2543 consilium,
863 2474 979 2542 parum
1005 2458 1184 2524 uniuersae
1214 2460 1289 2524 eius
1309 2461 1391 2526 iuris

325 2577 463 2666 rationi,
485 2595 589 2663 supra
611 2580 825 2665 propositae,
845 2581 1123 2665 consentaneum3
1145 2580 1179 2644 in
1200 2580 1312 2646 altero
1326 2580 1391 2648 boc

323 2699 514 2766 subsistam.
567 2697 673 2780 Quam
695 2718 777 2765 uero
800 2698 875 2764 mibi
909 2699 951 2765 de
984 2718 1025 2766 ca
1056 2719 1095 2766 re
1127 2705 1390 2786 comparaucrim

324 2823 567 2902 coniecturam,
589 2821 766 2907 explicabo
788 2822 902 2886 breui:

386 2978 553 3064 Constat,
592 2981 733 3068 triginta
768 2977 894 3043 dierum
930 2977 1011 3043 iliud
1048 2983 1208 3066 temporis
1243 2986 1389 3067 spatium

324 3117 432 3184 neque
456 3096 549 3167 Gaio
580 3101 786 3188 incognitum
814 3118 923 3184 neque
950 3102 1081 3166 omnino
1104 3120 1144 3167 ea
1165 3105 1281 3169 aetate
1303 3123 1389 3170 exo-

323 3223 424 3287 letum
446 3221 562 3286 fuisse.
620 3219 702 3286 Nam
735 3216 867 3310 Galles,
903 3222 958 3286 ubi
987 3221 1149 3288 debonis
1174 3224 1391 3307 possidendis

325 3339 575 3426 uendendisque
597 3356 640 3406 ex
661 3341 818 3426 proiesso
841 3344 965 3407 tractat
976 3335 1034 3428 ²⁶),
1054 3345 1102 3409 ita
1124 3345 1287 3429 loquitur:

389 3458 584 3550 nsiquidem
617 3463 684 3527 uiui
717 3464 805 3528 bona
841 3469 1003 3547 ueneant,
1039 3466 1131 3530 iubet
1166 3484 1207 3530 ea
1244 3465 1392 3534 Praetor

390 3604 477 3670 «per
512 3586 588 3651 dies
624 3588 805 3650 continuos
841 3587 989 3671 triptota
1025 3585 1190 3669 possideri
1229 3593 1262 3653 et
1307 3609 1391 3674 pro-

391 3707 541 3773 ·scribi·
570 3706 631 3770 rel.

358 3943 404 4008 st)
425 3943 509 3993 Gutus
519 3946 545 3994 iu
556 3945 713 3997 Commii.
727 3944 756 4009 5.
766 3947 825 3996 tou.
917 3945 962 4007 25)
977 3947 1063 3997 Verba
1079 3949 1188 3999 exhibui
1202 3951 1296 4013 paullo
1310 3961 1391 4006 autea

327 4032 459 4093 Ulpianus
473 4033 500 4081 in
519 4033 550 4081 1..
565 4032 608 4082 33.
621 4028 650 4093 δ.
664 4035 691 4082 1.
708 4035 748 4084 lle
767 4036 824 4084 rob.
883 4050 909 4098 p.
930 4036 990 4086 102.

325 4127 427 4170 auctor·
443 4121 498 4170 iud.
511 4135 553 4182 po.
575 4145 600 4155 -
617 4120 760 4186 Utriusque
773 4123 826 4173 loci
918 4125 962 4184 26)
983 4126 1086 4174 tlomm.
1110 4126 1157 4174 lll.
1179 4123 1207 4186 §-
1229 4127 1273 4176 ¹19.

326 4211 408 4258 uerba
428 4211 551 4258 inuenies
572 4221 652 4269 supra
675 4224 700 4273 p.
722 4211 746 4260 t.
768 4224 823 4274 seq.
