3114 5046
197 347 233 424 s.
243 335 285 411 2.
299 333 361 409 De
370 334 574 410 madido
584 334 631 408 de
643 290 685 413 nt
695 336 852 435 culpmi
860 358 928 409 aaa
937 334 1236 435 quotidiuaoffl

235 534 349 623 Vuigo
372 505 485 598 notum
514 538 585 616 est,
607 532 780 598 Romanos
806 537 874 598 tam
903 538 1120 626 magistratus
1141 555 1236 622 quam
1256 533 1403 632 *2¹:¹⁸3*ss

173 657 427 722 iurisconsultos
459 657 493 719 in
526 655 677 720 iormuiis
708 656 947 740 componendis
978 659 1050 722 eius
1081 659 1235 724 uersiculi
1256 646 1361 752 effi·
1380 705 1404 742 Α,

175 772 425 862 haudquaquam
448 795 570 861 parcos
591 773 750 859 iuisse²);
778 778 946 863 multaque
968 783 1047 843 sunt
1068 781 1237 864 exempla,

174 902 227 966 ubi
250 902 310 963 aut
338 917 476 983 prorsus
503 897 651 964 abundat
678 902 737 963 aut
766 877 998 985 praeterquam
1021 902 1075 985 qui
1099 905 1238 985 propter

175 1039 313 1087 acumen
341 1021 566 1087 occultissima
593 1022 818 1105 perspiciunt,
848 1007 999 1087 omnihus
1027 1021 1160 1087 uidetur
1181 1026 1238 1087 ta-

175 1162 245 1208 men
269 1141 451 1207 abundare.
459 1134 482 1219 ³)
526 1138 640 1223 Quare
666 1142 700 1206 in
729 1140 794 1208 hoc
822 1141 1001 1209 interdicto
1016 1162 1122 1227 quum
1144 1148 1238 1210 certa

176 1283 213 1330 ac
235 1264 416 1329 manifesta
436 1265 480 1328 sit
502 1264 665 1351 utilitate,
693 1265 784 1329 nulia
805 1266 893 1329 ratio
914 1267 969 1330 est
990 1263 1144 1349 credere,
1173 1264 1238 1332 boc
1334 1348 1336 1352 Α

176 1388 247 1472 ipso
271 1386 347 1452 loco
369 1389 517 1464 spretum
540 1387 759 1471 ominumquc
781 1386 897 1451 inisse.

235 1505 377 1573 Utilitas
397 1511 527 1591 autem,
549 1526 646 1592 quam
667 1506 759 1593 dico,
781 1509 814 1571 in
837 1526 877 1572 eo
899 1508 1055 1575 facillime
1077 1510 1238 1594 cernitur,

178 1629 263 1716 quod
288 1628 477 1714 praedium,
505 1628 547 1693 de
574 1647 640 1714 quo
669 1626 834 1695 deiectum
862 1648 901 1695 se
929 1628 1010 1696 dicit
1031 1632 1128 1697 actor
1148 1633 1184 1696 et
1204 1632 1240 1695 in

180 1751 266 1836 quod
289 1753 421 1817 restitui
434 1768 481 1816 >se
505 1751 670 1834 postulat,
695 1754 789 1815 certo
811 1770 873 1815 auo
895 1753 1026 1816 nomine
1048 1752 1081 1815 in
1104 1769 1144 1817 ea
1166 1752 1241 1816 ior-

176 1875 261 1938 muia
284 1891 352 1937 non
375 1872 588 1961 designatur,
610 1869 671 1937 sed
693 1870 815 1955 duplici
839 1872 895 1936 iiia
918 1874 1083 1957 particula
1098 1870 1238 1937 Unus-

176 2014 216 2060 uo
239 1987 366 2059 infinite
388 1997 515 2058 tantum
539 1992 796 2058 demonstratur.
840 1991 935 2075 Quae
968 2012 1024 2059 res
1054 2012 1150 2079 quam
1178 2012 1241 2061 oa-

176 2120 288 2202 ptiosa
310 2115 444 2201 inisset,
472 2115 656 2199 quibusque
684 2115 856 2180 calumniis
877 2134 992 2181 ansam
1015 2118 1241 2202 praebuisset,

176 2241 239 2303 nisi
262 2236 490 2302 additamento
513 2237 569 2301 iiio
595 2235 779 2302 Praetores
807 2239 976 2302 cauissent
997 2256 1164 2324 ueraeque
1186 2239 1241 2303 in-

175 2358 312 2425 terdicti
333 2359 521 2422 sententiae
543 2359 809 2440 consuluissent,
831 2359 1038 2443 praeclarum
1060 2378 1242 2446 argumen-

175 2489 245 2546 tum
269 2484 322 2546 est
344 2481 418 2564 ipsa
439 2479 523 2544 haec
546 2481 675 2560 oratio,
705 2480 829 2564 quippe
859 2497 962 2563 quae,
992 2482 1020 2543 si
1042 2484 1135 2547 recte
1157 2482 1243 2546 uelis

173 2600 374 2686 attendere,
397 2604 531 2688 integra
552 2599 676 2666 habeat
697 2598 764 2664 duo
786 2600 900 2684 capita
921 2599 1079 2668 eiusmodi
1101 2602 1243 2667 canidia-

172 2724 327 2791 tionibus
349 2721 527 2788 destinata.
570 2722 666 2786 liium
695 2720 771 2789 dico
801 2719 1006 2786 defensionis
1026 2722 1155 2804 locum,
1177 2743 1242 2810 quo

172 2848 300 2914 Cicero
330 2843 430 2944 docet
459 2845 538 2909 nihii
567 2847 716 2928 referre,
753 2848 796 2912 de
821 2845 946 2930 friardo·
959 2846 1169 2914 deotniano
1199 2864 1243 2910 sn

172 2968 325 3036 attonsae
347 2938 497 3032 deiectus
524 2969 569 3032 sit
591 2964 755 3050 Caecina,
783 2988 850 3032 non
880 2969 1074 3034 distinxisse
1097 2967 1243 3033 Praeto-

172 3109 247 3157 rem
272 3090 399 3174 iocum,
427 3108 492 3175 quo
515 3086 691 3155 Caecinam
713 3091 844 3155 restitui
867 3091 1016 3156 iuberet:
1045 3093 1157 3176 itaque
1179 3109 1243 3156 ne-

174 3232 278 3280 cesso
310 3231 386 3279 esse
415 3213 596 3296 sponsione
625 3213 760 3277 uincere
790 3211 990 3296 Caecinam,
1018 3213 1248 3301 numerosoque

177 3335 336 3401 deiectus
356 3334 400 3397 sit
423 3349 485 3397 nec
507 3332 692 3396 restitutus.
707 3328 733 3404 4)

212 3587 242 3651 2)
261 3599 317 3649 pro
339 3585 451 3638 Maroae
470 3598 492 3633 c.
513 3583 556 3632 13.
578 3596 686 3645 «nequo
747 3585 809 3646 Top-
826 3598 848 3634 c.
864 3586 907 3636 25.
929 3591 957 3658 ct
969 3589 1065 3646 passim
1082 3588 1109 3635 iu
1127 3585 1244 3636 iormuiis

181 3688 297 3728 «tamen
325 3674 470 3736 quidquam
499 3679 550 3721 tam
578 3679 687 3737 augusta
745 3674 816 3735 apud
835 3672 940 3724 Guium.

182 3768 408 3826 «temptantem,
434 3774 614 3825 quoagouou
628 3775 687 3823 pos·
779 3761 807 3822 3)
838 3761 905 3812 Vide
932 3760 1057 3811 Husobbii
1084 3762 1185 3812 comm.
1212 3762 1244 3813 dc

182 3859 256 3904 «sim
272 3852 334 3914 Qun
348 3865 384 3901 ur
396 3864 433 3901 ur
446 3851 687 3902 aorrmaddera.»
747 3852 879 3899 actionum
901 3850 1035 3906 iormuiis,
1056 3863 1125 3912 quae
1144 3853 1170 3901 iu
1189 3851 1245 3914 iege

180 3940 210 3990 in
226 3938 421 3992 emanata.
444 3945 512 3990 amr.
551 3939 633 4001 «Qua
652 3952 687 3988 ou
747 3939 968 3990 Rubriacxataut.
986 3938 1244 3990 vratisiauiaeibiiss.

183 4041 244 4082 “ur
265 4041 372 4080 sennua
395 4035 485 4079 autern
507 4029 590 4087 iliud,
618 4027 689 4090 quod
745 4028 772 4076 d.
794 4040 820 4090 p.
840 4027 884 4076 22.

183 4121 300 4170 ⁸¹uiuitis
316 4118 381 4169 iocis
401 4121 427 4167 in
444 4118 689 4168 iurisconsultorum
781 4115 807 4176 i)
827 4131 884 4177 cup.
904 4118 947 4166 28.
969 4117 1013 4165 aa.

183 4220 196 4241 o
208 4209 357 4260 inciuditur
374 4208 513 4258 iormuiiso
535 4206 581 4256 rai.
612 4205 688 4255 iloni.
