3114 5046
61 327 148 413 Μ.
165 320 332 399 Deflet
350 321 392 397 V.
399 324 482 398 loa.
493 319 786 398 —Sulscciuue
795 324 1041 424 quaestiones.
1069 322 1130 387 1⁰5

23 480 27 492 ⁵
61 517 188 579 coitari
209 515 312 600 atque
334 514 406 578 eius
425 513 564 602 generis
584 513 775 597 complura,
812 530 898 598 quac
926 513 1026 577 nimia
1053 531 1131 579 esse
1163 519 1282 574 amin·

63 635 277 719 oratoriaque
299 633 441 720 quadam
462 634 599 701 licentia
620 637 848 723 exaggerata,
869 651 933 700 nec
949 635 1011 698 nisi
1028 636 1131 699 mise-

62 757 205 821 rationis
225 753 402 845 augendae
419 772 540 821 caussa
554 756 766 821 accumulata
777 755 923 820 libenter
936 754 1130 822 concedam.

122 876 215 942 illud
244 896 326 942 uero
357 875 539 961 praedictis
566 876 717 942 omnibus
746 879 828 963 puto
853 878 966 941 inesse
988 878 1130 942 uerissi-

63 1018 164 1087 mum‚
186 1000 216 1063 si
235 995 412 1079 Quinctius
426 998 608 1082 sponsione
625 999 830 1080 uinceretur,
855 996 1000 1062 futurum
1014 997 1130 1082 fuisse,

62 1126 95 1184 ut
124 1121 341 1209 ignominiam
373 1118 604 1203 infamiamque
637 1120 709 1184 iure
738 1121 954 1184 constitutam
988 1119 1128 1184 subiret.

63 1239 252 1327 Quodque
271 1243 404 1306 ratione
430 1244 625 1306 euenturum
653 1239 772 1321 fuerit,
808 1258 910 1325 supra
938 1244 1129 1307 accuratius

63 1365 251 1447 expositum
272 1366 326 1428 cst
339 1355 385 1439 ¹⁷).

120 1520 242 1608 Neque
263 1539 314 1586 me
337 1520 440 1609 logii,
466 1515 658 1610 Pelopeum,
684 1520 769 1585 alias
791 1517 881 1585 hand
901 1520 1127 1605 spernendum

63 1645 251 1719 auctorem,
284 1645 403 1708 contra
424 1644 575 1708 statuere
587 1635 643 1723 ¹⁸),
680 1644 790 1708 omnia
819 1644 878 1708 illa
898 1661 987 1709 uana
1008 1646 1126 1709 orato-

63 1764 174 1849 risque
209 1762 354 1830 conficta
388 1762 519 1846 inisse,
546 1781 655 1850 neque
682 1765 782 1830 ullum
808 1764 917 1831 lamae
944 1766 1125 1850 periculum

63 1883 189 1952 abhoc
211 1882 333 1950 indicio
355 1881 512 1965 Quinctio
534 1885 743 1952 imminulssa
787 1883 893 1968 Quam
914 1888 1026 1952 tamen
1041 1905 1124 1952 sen-

63 2009 200 2073 tentiam
221 2005 464 2092 probatissimis
485 2005 670 2092 quibusque
691 2007 885 2074 auctoribus
907 2008 1024 2073 merito
1052 2006 1124 2071 dis-

62 2130 219 2214 piicnlssc
241 2120 428 2214 censeo'⁹);
450 2128 528 2211 quin
551 2145 572 2192 a
593 2126 703 2193 Tullio
724 2132 841 2193 nostro
856 2148 917 2214 pro
933 2130 1123 2214 turpissimo

61 2251 182 2334 probro
207 2246 378 2333 depulsam
400 2249 487 2313 uolo.
530 2248 613 2314 Nam
635 2267 678 2313 ex
696 2267 836 2315 caussae
854 2250 1025 2317 commodo
1043 2269 1125 2316 uera

60 2388 205 2462 angere,
227 2370 408 2457 quinetiam
430 2371 532 2454 falsa,
554 2370 609 2436 ubl
631 2370 795 2455 probandi
809 2389 890 2455 spcs
903 2374 964 2459 sit,
990 2375 1124 2438 tentare

61 2496 251 2579 oratorem,
299 2492 392 2558 facili
441 2494 579 2578 ncgotio
625 2491 725 2559 oflicii
770 2491 939 2577 studiique
986 2492 1123 2559 habebit

62 2615 310 2681 excusationem
317 2632 328 2700 3
362 2616 399 2678 at
425 2631 488 2699 per
515 2615 619 2678 totam
647 2612 877 2679 defensionem
898 2613 942 2678 de
963 2615 1035 2678 iure
1056 2633 1123 2678 no-

62 2737 185 2803 tissimo
208 2735 257 2800 lta
278 2735 426 2820 mentiri,
462 2738 499 2800 ut
520 2753 588 2798 non
616 2733 714 2799 modo
743 2731 907 2825 Aquilia,
939 2735 1123 2819 sapientis-

64 2859 127 2923 simi
149 2855 289 2939 indicis,
324 2855 385 2922 scd
414 2874 456 2920 ns
485 2855 661 2922 mediocris
687 2854 818 2944 quidem
839 2856 1032 2941 cuiusquam
1056 2856 1123 2921 ial-

66 2976 146 3043 lcndl
177 2996 261 3062 spes
290 2978 353 3060 sit,
384 2976 418 3041 id
446 2996 528 3043 uero
558 2978 722 3043 stultitiae
749 2980 851 3062 atque
883 2976 1121 3063 impudentiae,

69 3117 124 3164 non
146 3098 324 3165 Tullianae
346 3099 556 3182 eloquentiae
578 3103 640 3164 est

120 3257 302 3323 Enimuero
328 3257 374 3346 si,
405 3260 441 3321 ut
462 3276 524 3343 par
545 3262 615 3346 est,
644 3257 740 3324 iidem
761 3260 859 3326 nobis
880 3255 998 3326 Cicero
1021 3259 1121 3346 iacit,

76 3375 103 3440 lc
117 3379 206 3444 sama
223 3375 413 3460 Quinctium
428 3377 562 3463 iudicio,
584 3380 671 3465 quod
687 3382 818 3471 agitur,
838 3382 1035 3467 periclitari,
1058 3399 1121 3446 nae

78 3497 297 3586 illudquoque
319 3501 426 3587 palam
449 3503 502 3565 est
529 3501 736 3591 intelligere,
771 3501 878 3567 iamne
903 3501 984 3567 illud
1013 3502 1121 3567 ‹letri-

80 3625 202 3687 nentum
218 3626 428 3709 possessioni
442 3623 600 3689 bonorum
616 3641 683 3688 non
697 3625 895 3690 uelrdittoal
908 3626 1119 3690 coniunctum

107 3895 143 3961 il)
161 3900 227 3951 vido
244 3898 273 3963 ss.
293 3902 319 3951 1.
340 3915 367 3964 p.
387 3900 430 3951 20.
449 3913 505 3964 seq.
615 3900 844 3965 mona-Hollwep
863 3901 882 3952 l.
897 3916 922 3952 o.
943 3917 969 3966 p.
983 3900 1043 3952 282.
1060 3915 1117 3966 seq.

109 3985 144 4047 18)
162 3989 255 4038 iiheiu.
285 3989 355 4039 llus.
383 3989 401 4037 i.
424 3989 559 4053 lorispru·
616 3991 676 4040 ³14.
696 3989 814 4039 Niebuhr
832 3990 865 4040 ll.
883 3988 915 4041 G.
930 3991 961 4040 Τ.
977 3991 998 4040 l.
1014 4005 1040 4054 p.
1054 3990 1117 4040 ola.

90 4069 135 4122 leoz
151 4077 223 4127 1828.
244 4093 270 4140 p.
290 4078 333 4127 88.
617 4076 677 4140 (lio.
698 4077 736 4142 ³.)
757 4078 876 4142 Souipap
895 4079 913 4127 l.
936 4094 958 4129 c.
981 4095 1007 4142 p.
1028 4079 1089 4129 Μ.

113 4162 145 4224 it)
162 4166 288 4216 timonem
301 4168 319 4217 i.
336 4180 359 4214 o.
372 4180 397 4229 p.
412 4167 472 4216 238.
484 4167 560 4217 aota-
