3114 5046
344 350 405 417 ut
449 349 545 453 Gap.
572 351 607 424 1.
659 346 721 423 De
746 351 832 423 iure
857 371 1018 423 causaue
1047 348 1314 437 Quinctianae.

96 596 106 627 2
184 558 285 658 ,ffffiffl
296 564 322 601 ιι
342 546 413 612 fieri
429 545 609 630 potuisset,
626 544 663 605 ut
678 540 801 604 tribuni
817 539 880 624 pi,
894 538 937 604 ab
952 537 1079 604 Alfeno
1092 540 1271 626 appellati,
1285 558 1410 608 caussa

184 631 265 726 μιῖἑῖἷ
282 629 322 671 ψ
341 667 479 752 cognitu
495 662 771 748 pronunciarent,
793 661 948 724 iniustum
968 658 1074 725 uideri
1090 659 1263 728 Praetoris
1284 660 1409 729 decre-

341 793 428 873 tum,
451 805 515 871 quo
538 782 705 849 satisdare
728 781 876 846 Alfenus
897 782 1009 846 iussus
1030 785 1140 866 esset,
1161 784 1208 848 nii
1230 802 1318 868 opus
1333 801 1410 849 esse

340 906 571 990 satisdatione,
585 921 689 988 seque
704 901 869 967 aduersus
879 899 1053 967 Praetoris
1068 906 1281 991 potestatem,
1297 921 1408 991 quan-

341 1029 516 1112 docunque
538 1032 677 1111 propter
698 1021 950 1089 satisdationem
972 1029 1159 1090 recusatam
1183 1024 1316 1091 Naeuio
1344 1026 1409 1092 bo-

340 1169 457 1215 norum
486 1146 761 1233 possidendorum
792 1142 1086 1211 uendendorumue
1117 1163 1239 1212 caussa
1268 1163 1407 1214 aemm-

340 1270 550 1355 modareiur,
579 1267 724 1349 Alfeno,
757 1266 968 1350 procuratori
997 1262 1161 1352 Quinctii,
1194 1267 1322 1333 auxilio
1350 1267 1407 1333 fu-

340 1395 436 1456 turos
456 1408 542 1455 esse

403 1544 507 1615 Cuius
528 1550 577 1613 rei
599 1548 807 1632 praeclarum
823 1542 986 1630 quoddam
1002 1548 1099 1610 extat
1113 1545 1320 1633 exemplum,
1341 1566 1405 1632 quo

340 1670 475 1736 mirifice
496 1672 602 1734 omnis
624 1668 706 1735 haec
728 1668 895 1734 tribunicii
917 1666 1031 1732 auxilii
1052 1667 1140 1731 ratio
1162 1671 1196 1732 ei
1217 1667 1406 1734 illustratur

340 1794 375 1856 et
397 1792 619 1858 confirmatur.

170 1923 320 2022 ,¹2:3¹3-
404 1912 536 1977 litenim
569 1914 603 1976 in
633 1913 804 1997 oratione,
836 1929 932 1995 quam
965 1930 1027 1996 pro
1055 1909 1107 1976 M.
1138 1909 1255 1976 'luido
1285 1906 1404 1978 Cicero

171 2013 296 2090 „sios
314 2011 319 2020 ’
339 2032 440 2116 dixit,
462 2037 635 2119 narratur,
655 2035 745 2096 inter
764 2031 816 2097 M.
831 2029 972 2098 Tullium
996 2034 1097 2116 atque
1118 2027 1160 2112 Q.
1174 2031 1315 2098 Fabium
1335 2033 1406 2097 liti-

339 2157 481 2240 gntores
502 2155 545 2218 de
564 2152 720 2237 formula
742 2153 969 2238 coiieiptendc
990 2150 1080 2236 apud
1101 2150 1299 2219 Praetorem
1321 2171 1406 2221 eon·

339 2275 520 2339 tentionem
550 2274 672 2338 fuisse:
704 2273 845 2339 'l'ullium
874 2271 1003 2358 quidem
1031 2275 1187 2339 usitatam
1213 2292 1406 2365 purumque

337 2396 504 2462 actionem
535 2392 702 2477 edidisse,
733 2395 870 2460 Fabium
899 2399 1036 2480 eontra,
1069 2399 1105 2459 ut
1135 2414 1235 2461 uuum
1268 2395 1405 2482 aliquod

338 2517 493 2600 uerbum,
514 2515 603 2600 quod
624 2518 836 2600 exceptionis
856 2517 921 2581 uim
937 2516 1094 2601 haberet,
1116 2515 1317 2601 adderetur,
1340 2536 1405 2602 po-

337 2639 518 2703 stulauisse
529 2632 570 2724 ⁸),
592 2635 728 2722 deinde,
750 2656 848 2722 quum
869 2656 891 2702 a
912 2636 1076 2703 Praetore
1094 2656 1162 2701 non
1182 2640 1406 2723 impetrasset,

337 2760 490 2825 tribunos
512 2760 620 2844 plebis
641 2760 878 2843 appellauisse.

403 2881 477 2945 «At
506 2880 628 2969 potibus
655 2879 789 2968 unctu,
822 2881 871 2946 sic
906 2882 1017 2965 pergit
1049 2880 1169 2946 Cicero
1202 2878 1336 2962 dicere,
1368 2883 1405 2944 tu

403 3001 645 3066 «decemcordo
680 2996 847 3066 Metetnn
882 3019 967 3068 usus
998 2996 1088 3066 est?
1127 3005 1284 3089 coeteri,
1321 3020 1406 3091 quos

403 3117 646 3207 «oppciiustit
667 3139 781 3185 nonne
803 3119 891 3185 hoec
905 3125 1058 3185 omnium
1071 3119 1144 3203 suit
1158 3126 1293 3211 oratio,
1315 3122 1406 3211 quod

404 3247 465 3308 nn
498 3241 694 3308 hominibus
720 3246 869 3307 umectis
896 3246 1073 3308 coactione
1101 3243 1245 3326 fomute
1276 3242 1406 3328 secuse

403 3366 617 3451 2dtceretur,
653 3363 691 3427 id
717 3367 860 3427 tametsi
887 3363 983 3428 imao
1016 3369 1093 3429 iure
1118 3363 1200 3449 fieri
1228 3370 1405 3453 potuerit,

403 3491 545 3549 acmen
565 3505 603 3551 se
625 3483 716 3549 otuu
735 3476 974 3550 addituros‘i·

371 3750 400 3814 3)
419 3767 467 3818 pro
481 3753 571 3802 Tullio
590 3767 613 3804 c.
634 3752 678 3802 33.
692 3751 736 3803 33.
750 3776 784 3786 -
798 3752 839 3802 lta
894 3754 997 3803 mentio
1006 3758 1047 3802 ast
1056 3753 1177 3803 indocti.
1188 3753 1225 3814 li,
1237 3753 1284 3803 30.
1297 3761 1407 3819 «posin

336 3840 797 3905 eiusmodidisceptationibusconi.
808 3839 839 3890 ds
896 3841 993 3900 olant,
1013 3848 1043 3891 ut
1060 3843 1229 3904 acuuntur
1247 3843 1319 3893 haec
1334 3845 1408 3895 incr·

336 3930 490 3980 inuentione
509 3931 549 3988 il,
570 3932 612 3980 13.
626 3931 668 3979 20.
685 3929 722 3978 od
734 3929 799 3978 Her.
814 3929 836 3984 Ι,
896 3929 1068 3992 «plicabilia.
1103 3929 1251 3980 Tribunum
1283 3933 1407 3997 aliquam

337 4019 380 4068 13.
396 4018 618 4068 oeconomiae.
633 4018 718 4068 tuin
733 4017 838 4065 i'orrem
895 4030 1017 4068 «censeo
1048 4018 1178 4069 uideant:
1209 4032 1227 4067 a
1255 4033 1299 4068 me
1325 4022 1407 4072 utun

337 4106 477 4165 11‚1a.i,
496 4105 540 4156 ta.
564 4106 650 4154 Etiam
665 4106 837 4155 tribunorum
895 4107 1091 4167 susceptionem
1109 4119 1259 4168 numquam
1278 4109 1407 4172 impetra-

336 4195 372 4258 pi.
392 4196 423 4245 tio
440 4196 591 4256 acceptione
610 4195 836 4257 appaliamiorum
895 4193 1010 4243 utum.»
