<?xml version="1.0" encoding="UTF-8"?>
<!DOCTYPE html PUBLIC "-//W3C//DTD XHTML 1.0 Transitional//EN"
    "http://www.w3.org/TR/xhtml1/DTD/xhtml1-transitional.dtd">
<html xmlns="http://www.w3.org/1999/xhtml" xml:lang="en" lang="en">
 <head>
  <title>
</title>
<meta http-equiv="Content-Type" content="text/html;charset=utf-8" />
  <meta name='ocr-system' content='tesseract 3.04.00' />
  <meta name='ocr-capabilities' content='ocr_page ocr_carea ocr_par ocr_line ocrx_word'/>
</head>
<body>
  <div class='ocr_page' id='page_1' title='image "./semestriumadmtu00kellgoog_0016.png"; bbox 0 0 3114 5046; ppageno 0'>
   <div class='ocr_carea' id='block_1_1' title="bbox 1109 315 1160 364">
    <p class='ocr_par' dir='ltr' id='par_1_1' title="bbox 1109 315 1160 364">
     <span class='ocr_line' id='line_1_1' title="bbox 1109 315 1160 364; baseline 0 0"><span class='ocrx_word' id='word_1_1' title='bbox 1109 315 1160 364; x_wconf 76' lang='lat' dir='ltr'><strong>VI!</strong></span> 
     </span>
    </p>
   </div>
   <div class='ocr_carea' id='block_1_2' title="bbox 92 455 1159 1199">
    <p class='ocr_par' dir='ltr' id='par_1_2' title="bbox 92 455 1159 1199">
     <span class='ocr_line' id='line_1_2' title="bbox 94 455 1158 558; baseline 0.001 -22"><span class='ocrx_word' id='word_1_2' title='bbox 94 464 194 536; x_wconf 82' lang='lat' dir='ltr'><strong>ctus:</strong></span> <span class='ocrx_word' id='word_1_3' title='bbox 232 456 320 558; x_wconf 90' lang='lat' dir='ltr'><strong>quid</strong></span> <span class='ocrx_word' id='word_1_4' title='bbox 346 455 486 532; x_wconf 71' lang='lat' dir='ltr'><strong>multa?</strong></span> <span class='ocrx_word' id='word_1_5' title='bbox 530 455 656 533; x_wconf 82' lang='lat' dir='ltr'><strong>rhetor</strong></span> <span class='ocrx_word' id='word_1_6' title='bbox 680 455 779 550; x_wconf 89' lang='lat' dir='ltr'><strong>illic,</strong></span> <span class='ocrx_word' id='word_1_7' title='bbox 819 459 857 531; x_wconf 91' lang='lat' dir='ltr'><strong>iu</strong></span> <span class='ocrx_word' id='word_1_8' title='bbox 883 457 1055 536; x_wconf 87' lang='lat' dir='ltr'><strong>docenda</strong></span> <span class='ocrx_word' id='word_1_9' title='bbox 1079 469 1158 537; x_wconf 80' lang='lat' dir='ltr'><strong>arm</strong></span> 
     </span>
     <span class='ocr_line' id='line_1_3' title="bbox 93 615 1159 716; baseline 0.002 -24"><span class='ocrx_word' id='word_1_10' title='bbox 93 616 241 694; x_wconf 76' lang='lat' dir='ltr'><strong>dcendi</strong></span> <span class='ocrx_word' id='word_1_11' title='bbox 276 618 334 691; x_wconf 89' lang='lat' dir='ltr'><strong>ius</strong></span> <span class='ocrx_word' id='word_1_12' title='bbox 370 623 409 692; x_wconf 93' lang='lat' dir='ltr'><strong>et</strong></span> <span class='ocrx_word' id='word_1_13' title='bbox 439 615 575 694; x_wconf 90' lang='lat' dir='ltr'><strong>iudicia</strong></span> <span class='ocrx_word' id='word_1_14' title='bbox 606 616 726 693; x_wconf 92' lang='lat' dir='ltr'><strong>obiter</strong></span> <span class='ocrx_word' id='word_1_15' title='bbox 755 622 864 716; x_wconf 84' lang='lat' dir='ltr'><strong>atque</strong></span> <span class='ocrx_word' id='word_1_16' title='bbox 889 619 984 694; x_wconf 88' lang='lat' dir='ltr'><strong>iuter</strong></span> <span class='ocrx_word' id='word_1_17' title='bbox 1010 626 1159 696; x_wconf 87' lang='lat' dir='ltr'><strong>caetera</strong></span> 
     </span>
     <span class='ocr_line' id='line_1_4' title="bbox 92 775 1158 879; baseline 0.002 -27"><span class='ocrx_word' id='word_1_18' title='bbox 92 779 317 879; x_wconf 79' lang='lat' dir='ltr'><strong>respiciens,</strong></span> <span class='ocrx_word' id='word_1_19' title='bbox 343 775 406 854; x_wconf 85' lang='lat' dir='ltr'><strong>hic</strong></span> <span class='ocrx_word' id='word_1_20' title='bbox 431 778 513 879; x_wconf 89' lang='lat' dir='ltr'><strong>ipse</strong></span> <span class='ocrx_word' id='word_1_21' title='bbox 538 782 682 870; x_wconf 84' lang='lat' dir='ltr'><strong>amtor,</strong></span> <span class='ocrx_word' id='word_1_22' title='bbox 710 798 865 853; x_wconf 79' lang='lat' dir='ltr'><strong>caussae</strong></span> <span class='ocrx_word' id='word_1_23' title='bbox 886 800 977 854; x_wconf 86' lang='lat' dir='ltr'><strong>suae</strong></span> <span class='ocrx_word' id='word_1_24' title='bbox 996 781 1158 854; x_wconf 88' lang='lat' dir='ltr'><strong>terminis</strong></span> 
     </span>
     <span class='ocr_line' id='line_1_5' title="bbox 93 936 1159 1041; baseline 0.003 -30"><span class='ocrx_word' id='word_1_25' title='bbox 93 938 383 1039; x_wconf 83' lang='lat' dir='ltr'><strong>circumscriptus</strong></span> <span class='ocrx_word' id='word_1_26' title='bbox 401 938 438 1010; x_wconf 94' lang='lat' dir='ltr'><strong>iu</strong></span> <span class='ocrx_word' id='word_1_27' title='bbox 460 957 577 1036; x_wconf 87' lang='lat' dir='ltr'><strong>eaque</strong></span> <span class='ocrx_word' id='word_1_28' title='bbox 599 936 882 1014; x_wconf 90' lang='lat' dir='ltr'><strong>demonstranda</strong></span> <span class='ocrx_word' id='word_1_29' title='bbox 902 961 949 1016; x_wconf 92' lang='lat' dir='ltr'><strong>ac</strong></span> <span class='ocrx_word' id='word_1_30' title='bbox 971 937 1159 1041; x_wconf 88' lang='lat' dir='ltr'><strong>probanda</strong></span> 
     </span>
     <span class='ocr_line' id='line_1_6' title="bbox 93 1095 1156 1199; baseline 0.001 -29"><span class='ocrx_word' id='word_1_31' title='bbox 93 1104 186 1171; x_wconf 84' lang='lat' dir='ltr'><strong>totus</strong></span> <span class='ocrx_word' id='word_1_32' title='bbox 213 1103 414 1199; x_wconf 87' lang='lat' dir='ltr'><strong>occupatus</strong></span> <span class='ocrx_word' id='word_1_33' title='bbox 442 1098 608 1197; x_wconf 85' lang='lat' dir='ltr'><strong>omnique</strong></span> <span class='ocrx_word' id='word_1_34' title='bbox 635 1118 749 1199; x_wconf 87' lang='lat' dir='ltr'><strong>opera</strong></span> <span class='ocrx_word' id='word_1_35' title='bbox 772 1122 817 1175; x_wconf 90' lang='lat' dir='ltr'><strong>ac</strong></span> <span class='ocrx_word' id='word_1_36' title='bbox 839 1095 963 1174; x_wconf 79' lang='lat' dir='ltr'><strong>studio</strong></span> <span class='ocrx_word' id='word_1_37' title='bbox 987 1100 1156 1173; x_wconf 89' lang='lat' dir='ltr'><strong>intentus.</strong></span> 
     </span>
    </p>
   </div>
   <div class='ocr_carea' id='block_1_3' title="bbox 165 1270 1156 1431">
    <p class='ocr_par' dir='ltr' id='par_1_3' title="bbox 165 1270 1156 1431">
     <span class='ocr_line' id='line_1_7' title="bbox 165 1270 1156 1431; baseline 0.003 -30"><span class='ocrx_word' id='word_1_38' title='bbox 165 1329 292 1429; x_wconf 84' lang='lat' dir='ltr'><strong>Atque</strong></span> <span class='ocrx_word' id='word_1_39' title='bbox 324 1327 439 1403; x_wconf 88' lang='lat' dir='ltr'><strong>ueluti</strong></span> <span class='ocrx_word' id='word_1_40' title='bbox 473 1270 520 1402; x_wconf 42' lang='lat' dir='ltr'><strong>iu!</strong></span> <span class='ocrx_word' id='word_1_41' title='bbox 544 1329 800 1431; x_wconf 73' lang='lat' dir='ltr'><strong>syllopismis,</strong></span> <span class='ocrx_word' id='word_1_42' title='bbox 844 1353 937 1429; x_wconf 84' lang='lat' dir='ltr'><strong>quos</strong></span> <span class='ocrx_word' id='word_1_43' title='bbox 977 1327 1156 1422; x_wconf 77' lang='lat' dir='ltr'><strong>dicimus,</strong></span> 
     </span>
    </p>
   </div>
   <div class='ocr_carea' id='block_1_4' title="bbox 87 1486 1194 3496">
    <p class='ocr_par' dir='ltr' id='par_1_4' title="bbox 87 1486 1194 3496">
     <span class='ocr_line' id='line_1_8' title="bbox 94 1486 1154 1588; baseline -0.001 -25"><span class='ocrx_word' id='word_1_44' title='bbox 94 1489 314 1588; x_wconf 78' lang='lat' dir='ltr'><strong>cogitatione</strong></span> <span class='ocrx_word' id='word_1_45' title='bbox 339 1487 484 1588; x_wconf 87' lang='lat' dir='ltr'><strong>quidem</strong></span> <span class='ocrx_word' id='word_1_46' title='bbox 510 1486 672 1565; x_wconf 86' lang='lat' dir='ltr'><strong>discerni</strong></span> <span class='ocrx_word' id='word_1_47' title='bbox 698 1487 822 1565; x_wconf 87' lang='lat' dir='ltr'><strong>solent</strong></span> <span class='ocrx_word' id='word_1_48' title='bbox 851 1489 921 1563; x_wconf 87' lang='lat' dir='ltr'><strong>tria</strong></span> <span class='ocrx_word' id='word_1_49' title='bbox 946 1487 1012 1561; x_wconf 90' lang='lat' dir='ltr'><strong>illa</strong></span> <span class='ocrx_word' id='word_1_50' title='bbox 1038 1511 1154 1563; x_wconf 88' lang='lat' dir='ltr'><strong>enun-</strong></span> 
     </span>
     <span class='ocr_line' id='line_1_9' title="bbox 94 1646 1155 1750; baseline 0 -28"><span class='ocrx_word' id='word_1_51' title='bbox 94 1649 184 1722; x_wconf 86' lang='lat' dir='ltr'><strong>ciata</strong></span> <span class='ocrx_word' id='word_1_52' title='bbox 210 1646 272 1722; x_wconf 92' lang='lat' dir='ltr'><strong>uel</strong></span> <span class='ocrx_word' id='word_1_53' title='bbox 297 1649 423 1750; x_wconf 89' lang='lat' dir='ltr'><strong>pueris</strong></span> <span class='ocrx_word' id='word_1_54' title='bbox 448 1648 656 1743; x_wconf 89' lang='lat' dir='ltr'><strong>notissima,</strong></span> <span class='ocrx_word' id='word_1_55' title='bbox 682 1649 918 1749; x_wconf 78' lang='lat' dir='ltr'><strong>propositio,</strong></span> <span class='ocrx_word' id='word_1_56' title='bbox 945 1649 1155 1746; x_wconf 78' lang='lat' dir='ltr'><strong>assumptio</strong></span> 
     </span>
     <span class='ocr_line' id='line_1_10' title="bbox 94 1803 1154 1907; baseline 0.001 -29"><span class='ocrx_word' id='word_1_57' title='bbox 94 1815 126 1878; x_wconf 88' lang='lat' dir='ltr'><strong>et</strong></span> <span class='ocrx_word' id='word_1_58' title='bbox 146 1808 374 1905; x_wconf 72' lang='lat' dir='ltr'><strong>complexio,</strong></span> <span class='ocrx_word' id='word_1_59' title='bbox 400 1814 556 1881; x_wconf 81' lang='lat' dir='ltr'><strong>attammr</strong></span> <span class='ocrx_word' id='word_1_60' title='bbox 578 1809 639 1907; x_wconf 89' lang='lat' dir='ltr'><strong>qui</strong></span> <span class='ocrx_word' id='word_1_61' title='bbox 659 1808 695 1880; x_wconf 96' lang='lat' dir='ltr'><strong>in</strong></span> <span class='ocrx_word' id='word_1_62' title='bbox 718 1830 791 1880; x_wconf 92' lang='lat' dir='ltr'><strong>uun</strong></span> <span class='ocrx_word' id='word_1_63' title='bbox 809 1807 890 1880; x_wconf 92' lang='lat' dir='ltr'><strong>siue</strong></span> <span class='ocrx_word' id='word_1_64' title='bbox 909 1803 1154 1907; x_wconf 90' lang='lat' dir='ltr'><strong>concipiendo</strong></span> 
     </span>
     <span class='ocr_line' id='line_1_11' title="bbox 92 1963 1156 2064; baseline 0.002 -27"><span class='ocrx_word' id='word_1_65' title='bbox 92 1967 167 2039; x_wconf 86' lang='lat' dir='ltr'><strong>siue</strong></span> <span class='ocrx_word' id='word_1_66' title='bbox 194 1963 436 2064; x_wconf 83' lang='lat' dir='ltr'><strong>intelligendo</strong></span> <span class='ocrx_word' id='word_1_67' title='bbox 463 1967 662 2058; x_wconf 87' lang='lat' dir='ltr'><strong>errauerit,</strong></span> <span class='ocrx_word' id='word_1_68' title='bbox 690 1968 825 2042; x_wconf 86' lang='lat' dir='ltr'><strong>intuta</strong></span> <span class='ocrx_word' id='word_1_69' title='bbox 845 1963 1086 2042; x_wconf 90' lang='lat' dir='ltr'><strong>conclusione</strong></span> <span class='ocrx_word' id='word_1_70' title='bbox 1106 1963 1156 2039; x_wconf 91' lang='lat' dir='ltr'><strong>ad</strong></span> 
     </span>
     <span class='ocr_line' id='line_1_12' title="bbox 91 2121 1154 2226; baseline 0.001 -30"><span class='ocrx_word' id='word_1_71' title='bbox 91 2122 145 2215; x_wconf 94' lang='lat' dir='ltr'><strong>id,</strong></span> <span class='ocrx_word' id='word_1_72' title='bbox 171 2121 271 2223; x_wconf 89' lang='lat' dir='ltr'><strong>quod</strong></span> <span class='ocrx_word' id='word_1_73' title='bbox 296 2131 435 2201; x_wconf 86' lang='lat' dir='ltr'><strong>rectum</strong></span> <span class='ocrx_word' id='word_1_74' title='bbox 460 2131 569 2225; x_wconf 87' lang='lat' dir='ltr'><strong>atque</strong></span> <span class='ocrx_word' id='word_1_75' title='bbox 595 2146 720 2200; x_wconf 91' lang='lat' dir='ltr'><strong>uerum</strong></span> <span class='ocrx_word' id='word_1_76' title='bbox 746 2134 826 2219; x_wconf 86' lang='lat' dir='ltr'><strong>est,</strong></span> <span class='ocrx_word' id='word_1_77' title='bbox 855 2148 1040 2225; x_wconf 85' lang='lat' dir='ltr'><strong>numquam</strong></span> <span class='ocrx_word' id='word_1_78' title='bbox 1066 2146 1154 2226; x_wconf 91' lang='lat' dir='ltr'><strong>per-</strong></span> 
     </span>
     <span class='ocr_line' id='line_1_13' title="bbox 89 2281 1194 2384; baseline 0.003 -30"><span class='ocrx_word' id='word_1_79' title='bbox 89 2285 232 2357; x_wconf 83' lang='lat' dir='ltr'><strong>ueniet:</strong></span> <span class='ocrx_word' id='word_1_80' title='bbox 275 2284 333 2360; x_wconf 88' lang='lat' dir='ltr'><strong>sic</strong></span> <span class='ocrx_word' id='word_1_81' title='bbox 366 2284 404 2356; x_wconf 95' lang='lat' dir='ltr'><strong>in</strong></span> <span class='ocrx_word' id='word_1_82' title='bbox 437 2306 665 2361; x_wconf 72' lang='lat' dir='ltr'><strong>caussarum</strong></span> <span class='ocrx_word' id='word_1_83' title='bbox 700 2284 981 2384; x_wconf 71' lang='lat' dir='ltr'><strong>defensionibus</strong></span> <span class='ocrx_word' id='word_1_84' title='bbox 1016 2281 1155 2384; x_wconf 83' lang='lat' dir='ltr'><strong>triplex</strong></span> <span class='ocrx_word' id='word_1_85' title='bbox 1189 2284 1194 2293; x_wconf 82' lang='lat'>&#39;</span> 
     </span>
     <span class='ocr_line' id='line_1_14' title="bbox 88 2439 1155 2545; baseline 0.001 -31"><span class='ocrx_word' id='word_1_86' title='bbox 88 2439 238 2515; x_wconf 87' lang='lat' dir='ltr'><strong>habetur</strong></span> <span class='ocrx_word' id='word_1_87' title='bbox 263 2439 471 2516; x_wconf 85' lang='lat' dir='ltr'><strong>disserendi</strong></span> <span class='ocrx_word' id='word_1_88' title='bbox 498 2451 765 2542; x_wconf 69' lang='lat' dir='ltr'><strong>argumentum,</strong></span> <span class='ocrx_word' id='word_1_89' title='bbox 793 2446 941 2545; x_wconf 93' lang='lat' dir='ltr'><strong>primum</strong></span> <span class='ocrx_word' id='word_1_90' title='bbox 967 2445 1030 2518; x_wconf 88' lang='lat' dir='ltr'><strong>ius</strong></span> <span class='ocrx_word' id='word_1_91' title='bbox 1052 2465 1155 2515; x_wconf 76' lang='lat' dir='ltr'><strong>eom</strong></span> 
     </span>
     <span class='ocr_line' id='line_1_15' title="bbox 87 2599 1156 2701; baseline -0.002 -25"><span class='ocrx_word' id='word_1_92' title='bbox 87 2624 223 2691; x_wconf 82' lang='lat' dir='ltr'><strong>mune,</strong></span> <span class='ocrx_word' id='word_1_93' title='bbox 260 2600 433 2701; x_wconf 81' lang='lat' dir='ltr'><strong>legibus,</strong></span> <span class='ocrx_word' id='word_1_94' title='bbox 476 2600 665 2694; x_wconf 87' lang='lat' dir='ltr'><strong>moribus,</strong></span> <span class='ocrx_word' id='word_1_95' title='bbox 702 2599 848 2677; x_wconf 75' lang='lat' dir='ltr'><strong>Edictis</strong></span> <span class='ocrx_word' id='word_1_96' title='bbox 884 2603 1156 2701; x_wconf 79' lang='lat' dir='ltr'><strong>magistratuum</strong></span> 
     </span>
     <span class='ocr_line' id='line_1_16' title="bbox 89 2759 1154 2861; baseline 0 -27"><span class='ocrx_word' id='word_1_97' title='bbox 89 2768 124 2834; x_wconf 88' lang='lat' dir='ltr'><strong>et</strong></span> <span class='ocrx_word' id='word_1_98' title='bbox 149 2786 182 2860; x_wconf 88' lang='lat' dir='ltr'><strong>q.</strong></span> <span class='ocrx_word' id='word_1_99' title='bbox 210 2784 248 2860; x_wconf 85' lang='lat' dir='ltr'><strong>g.</strong></span> <span class='ocrx_word' id='word_1_100' title='bbox 275 2784 308 2833; x_wconf 91' lang='lat' dir='ltr'><strong>a.</strong></span> <span class='ocrx_word' id='word_1_101' title='bbox 337 2763 588 2854; x_wconf 86' lang='lat' dir='ltr'><strong>constitutum,</strong></span> <span class='ocrx_word' id='word_1_102' title='bbox 621 2759 739 2836; x_wconf 89' lang='lat' dir='ltr'><strong>altera</strong></span> <span class='ocrx_word' id='word_1_103' title='bbox 764 2763 819 2835; x_wconf 93' lang='lat' dir='ltr'><strong>rei</strong></span> <span class='ocrx_word' id='word_1_104' title='bbox 845 2768 977 2860; x_wconf 84' lang='lat' dir='ltr'><strong>gestae</strong></span> <span class='ocrx_word' id='word_1_105' title='bbox 1004 2760 1154 2861; x_wconf 84' lang='lat' dir='ltr'><strong>species</strong></span> 
     </span>
     <span class='ocr_line' id='line_1_17' title="bbox 90 2919 1155 3019; baseline -0.004 -24"><span class='ocrx_word' id='word_1_106' title='bbox 90 2942 131 2995; x_wconf 88' lang='lat' dir='ltr'><strong>ac</strong></span> <span class='ocrx_word' id='word_1_107' title='bbox 154 2919 288 3019; x_wconf 81' lang='lat' dir='ltr'><strong>ligura,</strong></span> <span class='ocrx_word' id='word_1_108' title='bbox 315 2922 424 2994; x_wconf 88' lang='lat' dir='ltr'><strong>tertia</strong></span> <span class='ocrx_word' id='word_1_109' title='bbox 449 2919 592 2997; x_wconf 90' lang='lat' dir='ltr'><strong>illorum</strong></span> <span class='ocrx_word' id='word_1_110' title='bbox 619 2922 827 2998; x_wconf 88' lang='lat' dir='ltr'><strong>coniunctio</strong></span> <span class='ocrx_word' id='word_1_111' title='bbox 852 2944 897 2998; x_wconf 88' lang='lat' dir='ltr'><strong>ac</strong></span> <span class='ocrx_word' id='word_1_112' title='bbox 917 2926 1038 2993; x_wconf 90' lang='lat' dir='ltr'><strong>mutua</strong></span> <span class='ocrx_word' id='word_1_113' title='bbox 1059 2921 1155 2993; x_wconf 87' lang='lat' dir='ltr'><strong>inter</strong></span> 
     </span>
     <span class='ocr_line' id='line_1_18' title="bbox 91 3078 1156 3180; baseline 0.002 -31"><span class='ocrx_word' id='word_1_114' title='bbox 91 3099 130 3151; x_wconf 89' lang='lat' dir='ltr'><strong>se</strong></span> <span class='ocrx_word' id='word_1_115' title='bbox 166 3081 417 3180; x_wconf 87' lang='lat' dir='ltr'><strong>comparatio,</strong></span> <span class='ocrx_word' id='word_1_116' title='bbox 465 3103 536 3179; x_wconf 86' lang='lat' dir='ltr'><strong>qua</strong></span> <span class='ocrx_word' id='word_1_117' title='bbox 571 3104 641 3179; x_wconf 89' lang='lat' dir='ltr'><strong>qun</strong></span> <span class='ocrx_word' id='word_1_118' title='bbox 679 3078 884 3156; x_wconf 86' lang='lat' dir='ltr'><strong>conducant</strong></span> <span class='ocrx_word' id='word_1_119' title='bbox 921 3079 1077 3155; x_wconf 86' lang='lat' dir='ltr'><strong>efficitur</strong></span> <span class='ocrx_word' id='word_1_120' title='bbox 1116 3086 1156 3151; x_wconf 93' lang='lat' dir='ltr'><strong>ut</strong></span> 
     </span>
     <span class='ocr_line' id='line_1_19' title="bbox 92 3235 1154 3337; baseline 0.002 -30"><span class='ocrx_word' id='word_1_121' title='bbox 92 3236 331 3337; x_wconf 84' lang='lat' dir='ltr'><strong>intelligatur:</strong></span> <span class='ocrx_word' id='word_1_122' title='bbox 359 3245 436 3313; x_wconf 88' lang='lat' dir='ltr'><strong>tnta</strong></span> <span class='ocrx_word' id='word_1_123' title='bbox 460 3247 579 3314; x_wconf 88' lang='lat' dir='ltr'><strong>autem</strong></span> <span class='ocrx_word' id='word_1_124' title='bbox 606 3241 723 3313; x_wconf 89' lang='lat' dir='ltr'><strong>oratio</strong></span> <span class='ocrx_word' id='word_1_125' title='bbox 750 3262 821 3314; x_wconf 92' lang='lat' dir='ltr'><strong>uua</strong></span> <span class='ocrx_word' id='word_1_126' title='bbox 845 3246 904 3314; x_wconf 89' lang='lat' dir='ltr'><strong>est</strong></span> <span class='ocrx_word' id='word_1_127' title='bbox 927 3247 1034 3337; x_wconf 89' lang='lat' dir='ltr'><strong>atque</strong></span> <span class='ocrx_word' id='word_1_128' title='bbox 1057 3235 1154 3311; x_wconf 94' lang='lat' dir='ltr'><strong>iudi-</strong></span> 
     </span>
     <span class='ocr_line' id='line_1_20' title="bbox 93 3394 1153 3496; baseline 0.005 -30"><span class='ocrx_word' id='word_1_129' title='bbox 93 3394 215 3488; x_wconf 92' lang='lat' dir='ltr'><strong>uidua,</strong></span> <span class='ocrx_word' id='word_1_130' title='bbox 256 3419 349 3496; x_wconf 87' lang='lat' dir='ltr'><strong>quae</strong></span> <span class='ocrx_word' id='word_1_131' title='bbox 375 3396 440 3470; x_wconf 89' lang='lat' dir='ltr'><strong>illa</strong></span> <span class='ocrx_word' id='word_1_132' title='bbox 465 3401 605 3490; x_wconf 91' lang='lat' dir='ltr'><strong>omnia,</strong></span> <span class='ocrx_word' id='word_1_133' title='bbox 646 3404 725 3473; x_wconf 91' lang='lat' dir='ltr'><strong>arte</strong></span> <span class='ocrx_word' id='word_1_134' title='bbox 752 3395 904 3496; x_wconf 89' lang='lat' dir='ltr'><strong>quadam</strong></span> <span class='ocrx_word' id='word_1_135' title='bbox 931 3403 969 3472; x_wconf 91' lang='lat' dir='ltr'><strong>et</strong></span> <span class='ocrx_word' id='word_1_136' title='bbox 994 3394 1153 3472; x_wconf 84' lang='lat' dir='ltr'><strong>consilio</strong></span> 
     </span>
    </p>
   </div>
   <div class='ocr_carea' id='block_1_5' title="bbox 94 3551 1153 3655">
    <p class='ocr_par' dir='ltr' id='par_1_5' title="bbox 94 3551 1153 3655">
     <span class='ocr_line' id='line_1_21' title="bbox 94 3551 1153 3655; baseline 0.004 -30"><span class='ocrx_word' id='word_1_137' title='bbox 94 3551 185 3647; x_wconf 88' lang='lat' dir='ltr'><strong>insa,</strong></span> <span class='ocrx_word' id='word_1_138' title='bbox 213 3564 439 3649; x_wconf 87' lang='lat' dir='ltr'><strong>constructa,</strong></span> <span class='ocrx_word' id='word_1_139' title='bbox 461 3564 588 3631; x_wconf 86' lang='lat' dir='ltr'><strong>oruata</strong></span> <span class='ocrx_word' id='word_1_140' title='bbox 607 3579 680 3631; x_wconf 89' lang='lat' dir='ltr'><strong>uuo</strong></span> <span class='ocrx_word' id='word_1_141' title='bbox 702 3556 805 3655; x_wconf 89' lang='lat' dir='ltr'><strong>quasi</strong></span> <span class='ocrx_word' id='word_1_142' title='bbox 826 3556 956 3655; x_wconf 86' lang='lat' dir='ltr'><strong>spiritu</strong></span> <span class='ocrx_word' id='word_1_143' title='bbox 979 3554 1153 3630; x_wconf 86' lang='lat' dir='ltr'><strong>continet.</strong></span> 
     </span>
    </p>
   </div>
   <div class='ocr_carea' id='block_1_6' title="bbox 93 3767 1153 4030">
    <p class='ocr_par' dir='ltr' id='par_1_6' title="bbox 93 3767 1153 4030">
     <span class='ocr_line' id='line_1_22' title="bbox 163 3767 1153 3871; baseline -0.001 -29"><span class='ocrx_word' id='word_1_144' title='bbox 163 3768 288 3869; x_wconf 86' lang='lat' dir='ltr'><strong>ltaque</strong></span> <span class='ocrx_word' id='word_1_145' title='bbox 321 3773 359 3843; x_wconf 91' lang='lat' dir='ltr'><strong>iu</strong></span> <span class='ocrx_word' id='word_1_146' title='bbox 396 3770 618 3846; x_wconf 88' lang='lat' dir='ltr'><strong>orationibus</strong></span> <span class='ocrx_word' id='word_1_147' title='bbox 655 3767 936 3871; x_wconf 88' lang='lat' dir='ltr'><strong>interpretandis</strong></span> <span class='ocrx_word' id='word_1_148' title='bbox 973 3790 1035 3841; x_wconf 82' lang='lat' dir='ltr'><strong>res</strong></span> <span class='ocrx_word' id='word_1_149' title='bbox 1071 3770 1153 3869; x_wconf 84' lang='lat' dir='ltr'><strong>ipsa</strong></span> 
     </span>
     <span class='ocr_line' id='line_1_23' title="bbox 93 3925 1150 4030; baseline 0.001 -31"><span class='ocrx_word' id='word_1_150' title='bbox 93 3925 176 4021; x_wconf 86' lang='lat' dir='ltr'><strong>fert,</strong></span> <span class='ocrx_word' id='word_1_151' title='bbox 204 3938 243 4004; x_wconf 91' lang='lat' dir='ltr'><strong>ut</strong></span> <span class='ocrx_word' id='word_1_152' title='bbox 266 3951 385 4028; x_wconf 91' lang='lat' dir='ltr'><strong>neque</strong></span> <span class='ocrx_word' id='word_1_153' title='bbox 407 3929 553 4030; x_wconf 83' lang='lat' dir='ltr'><strong>singula</strong></span> <span class='ocrx_word' id='word_1_154' title='bbox 574 3926 750 4028; x_wconf 86' lang='lat' dir='ltr'><strong>quaedam</strong></span> <span class='ocrx_word' id='word_1_155' title='bbox 779 3929 898 4029; x_wconf 86' lang='lat' dir='ltr'><strong>capita</strong></span> <span class='ocrx_word' id='word_1_156' title='bbox 923 3949 1040 4025; x_wconf 91' lang='lat' dir='ltr'><strong>neque</strong></span> <span class='ocrx_word' id='word_1_157' title='bbox 1065 3949 1150 4002; x_wconf 89' lang='lat' dir='ltr'><strong>cer-</strong></span> 
     </span>
    </p>
   </div>
   <div class='ocr_carea' id='block_1_7' title="bbox 93 4082 1150 4187">
    <p class='ocr_par' dir='ltr' id='par_1_7' title="bbox 93 4082 1150 4187">
     <span class='ocr_line' id='line_1_24' title="bbox 93 4082 1150 4187; baseline 0 -30"><span class='ocrx_word' id='word_1_158' title='bbox 93 4094 158 4159; x_wconf 92' lang='lat' dir='ltr'><strong>tum</strong></span> <span class='ocrx_word' id='word_1_159' title='bbox 195 4086 343 4186; x_wconf 86' lang='lat' dir='ltr'><strong>aliquod</strong></span> <span class='ocrx_word' id='word_1_160' title='bbox 387 4086 563 4164; x_wconf 89' lang='lat' dir='ltr'><strong>dictorum</strong></span> <span class='ocrx_word' id='word_1_161' title='bbox 602 4109 719 4187; x_wconf 83' lang='lat' dir='ltr'><strong>genus</strong></span> <span class='ocrx_word' id='word_1_162' title='bbox 760 4085 807 4161; x_wconf 89' lang='lat' dir='ltr'><strong>ad</strong></span> <span class='ocrx_word' id='word_1_163' title='bbox 844 4082 1150 4162; x_wconf 87' lang='lat' dir='ltr'><strong>commentandum</strong></span> 
     </span>
    </p>
   </div>
   <div class='ocr_carea' id='block_1_8' title="bbox 0 0 1562 5046">
    <p class='ocr_par' dir='ltr' id='par_1_8' title="bbox 0 0 1562 5046">
     <span class='ocr_line' id='line_1_25' title="bbox 0 0 1562 5046; baseline 0 0"><span class='ocrx_word' id='word_1_164' title='bbox 0 0 1562 5046; x_wconf 95' lang='lat' dir='ltr'><strong> </strong></span> 
     </span>
    </p>
   </div>
  </div>
 </body>
</html>
