3114 5046
671 1013 706 1100 ยง-
730 1017 765 1084 8.

254 1181 408 1270 Alfenum
432 1182 632 1264 Qatrmttnm
653 1185 834 1252 absentem
854 1189 949 1253 recte
970 1185 1172 1272 defenderit

490 1325 608 1374 neem.
629 1336 671 1349 -
694 1303 936 1373 continuatio.

246 1495 318 1559 Illis
348 1495 538 1579 perspectis
566 1512 651 1579 quae
681 1495 830 1579 proxime
860 1492 1032 1579 disputata
1059 1498 1158 1583 sunt,
1190 1514 1250 1561 se-

199 1617 313 1699 quitur,
335 1618 373 1680 ut
394 1615 438 1680 ad
460 1617 599 1681 alteram
615 1617 843 1701 quaestionem
858 1633 962 1700 supra
977 1617 1118 1700 positam
1134 1621 1250 1682 trans-

200 1753 310 1802 eamus.

248 1894 436 1960 Videndum
469 1897 572 1984 igitur
604 1897 686 1979 erit,
719 1915 764 1961 an
793 1895 954 1962 eiusmodi
984 1894 1130 1980 luerint,
1164 1914 1251 1980 quae

201 2022 262 2096 post
283 2015 455 2083 decretum
478 2034 499 2081 a
520 2016 684 2082 Praetura
706 2016 872 2083 redditum
894 2016 1059 2084 accidisse
1084 2015 1252 2101 dicuntur,

201 2141 228 2199 nt
255 2157 352 2222 qaam
386 2136 503 2203 Aiicnl
535 2135 763 2203 defensionem
796 2140 914 2205 merito
947 2137 1092 2204 Praetor
1123 2139 1251 2223 impro-

203 2256 316 2346 basset,
337 2261 427 2324 iusta
448 2258 526 2325 inde
548 2259 748 2326 efficeretur.

249 2414 336 2498 Quid
359 2419 464 2506 igitur
484 2409 639 2484 accidit?

250 2575 392 2641 Primum
416 2576 495 2659 luit,
517 2580 554 2641 ut
576 2577 728 2642 tribunos
749 2578 858 2663 plebis
879 2578 1026 2644 Alienus
1050 2579 1250 2664 appellaret.
1271 2593 1411 2704 ffl'flssf

1270 2709 1352 2760 poiinn.

249 2734 429 2800 Enimuero
451 2754 520 2825 paea
542 2735 585 2800 de
606 2753 645 2801 re
667 2737 791 2803 tribuni
812 2729 1097 2822 appellabantur?

249 2889 390 2959 Scilicet
412 2891 576 2959 aduersus
598 2892 687 2979 quod
708 2895 852 2961 Praetor
878 2895 1094 2979 decreuerat,
1121 2895 1251 2961 Naeuio

192 3011 346 3080 Alfenam
367 3014 547 3081 iudicatum
569 3017 655 3080 solui
677 3016 842 3082 satisdare
865 3021 1033 3102 oportere.

250 3132 309 3202 Sic
330 3137 435 3225 uulgo
459 3136 596 3224 dicitur,
619 3156 727 3223 neque
743 3137 776 3201 ni
792 3156 987 3223 perperam,
1009 3140 1037 3203 ai
1052 3143 1252 3225 prozimum

189 3257 391 3342 appellandi
418 3277 595 3347 eoeneum,
630 3260 809 3344 quinetiam
838 3278 1052 3325 communem
1082 3265 1252 3327 sermonis

183 3393 305 3464 uram,
326 3382 505 3463 praeterea
527 3378 607 3444 nihil
629 3381 848 3464 spectaueris.

252 3497 315 3580 Qui
336 3517 420 3563 nero
449 3501 555 3584 ipsum
583 3502 821 3585 appellationis
853 3501 1026 3589 ellectum,
1063 3520 1157 3588 quem
1184 3503 1253 3569 Al-

180 3617 289 3684 tenus
310 3621 509 3704 appetebat,
539 3620 660 3687 deinde
687 3623 880 3709 generalem
903 3626 938 3688 at
959 3625 1196 3709 appellationis
1218 3627 1252 3690 ct

171 3732 441 3807 intercessionis
462 3744 527 3807 uim
549 3760 590 3808 ac
612 3746 780 3831 naturam,
813 3744 957 3829 denique
984 3747 1156 3830 utriusque
1178 3765 1251 3810 ma-

170 3861 369 3949 gistratus,
405 3867 473 3928 tam
505 3866 594 3948 elus,
630 3868 688 3955 qni
719 3871 774 3932 ine
803 3867 905 3954 dicit,
943 3885 1040 3951 quam
1068 3870 1157 3956 eius,
1194 3870 1252 3955 pat

181 3982 318 4047 amitt
346 3983 485 4067 fereotdt
515 4006 641 4051 carossa
670 3991 881 4054 constitutus
910 3993 979 4077 cst,
1005 3990 1177 4073 'proprium
1201 3991 1252 4051 lus

185 4103 236 4159 et
256 4104 389 4170 officium
415 4110 641 4189 reputauerit,
670 4110 839 4192 pertinere
869 4108 911 4173 ad
939 4128 1007 4174 rem
1036 4110 1252 4175 arbitrabitur
