3114 5046
325 384 385 448 112
443 381 538 485 Gap.
558 384 591 458 1.
644 383 705 459 De
728 388 813 459 iure
840 407 1001 460 caussae
1029 383 1294 472 Quinctianae.

171 583 288 634 monn..
323 592 453 660 quoque
490 575 602 641 uerbis
638 576 777 664 triginta
808 573 933 640 dierum
966 575 1169 643 intellectum
1202 575 1390 664 impingere

322 693 436 760 durius
457 715 539 761 sune
562 702 595 760 ct
619 698 677 761 uix
700 694 871 762 ferendum
894 696 1004 762 fuerit.

384 888 470 971 Quid
494 893 604 957 notem
625 892 654 955 si
682 888 852 972 Ulpianus
874 889 1010 955 disertis
1032 891 1145 956 uerbis
1161 891 1300 957 dtemm
1318 897 1389 957 tri-

319 1015 419 1098 ptota
446 1017 698 1099 possessiouem
732 1014 976 1097 expressisset,
1008 1031 1083 1076 num
1116 1014 1302 1097 propterea
1333 1012 1389 1077 di-

319 1150 419 1197 uerso
442 1133 540 1198 huius
563 1133 740 1222 fragmenti
764 1137 900 1220 tenore,
933 1138 1034 1218 nique
1056 1152 1145 1199 nunc
1167 1135 1237 1217 est,
1270 1137 1389 1199 utere-

320 1245 418 1317 mur?
453 1254 551 1318 Houd
579 1252 691 1321 credo.
749 1249 892 1320 Constet
920 1256 1021 1340 enim,
1055 1253 1249 1322 lintooutaot
1273 1257 1390 1321 neiote

319 1377 423 1459 ipsum
446 1376 575 1460 quidem
597 1378 849 1461 possessiouem
862 1374 1021 1440 bonorum
1038 1378 1253 1462 superstitem
1270 1375 1388 1465 fuisse,

317 1496 478 1580 reliquum
519 1515 601 1560 uero
642 1496 803 1561 bonorum
839 1496 1090 1562 uendendorum
1127 1495 1277 1562 ordinem
1314 1516 1388 1563 oum

317 1618 463 1702 antiquis
491 1618 557 1682 iilis
585 1621 768 1701 temporum
797 1618 916 1701 spatiis
945 1637 1124 1705 eorumque
1148 1621 1221 1683 iure
1243 1622 1280 1683 ct
1302 1619 1389 1684 effe-

317 1742 374 1803 ctu
397 1737 583 1803 iamdudum
606 1739 640 1803 in
662 1737 913 1803 desuetudinem
935 1741 1060 1806 obiisse
1073 1735 1120 1818 ³³).

380 1922 492 2006 Quare
519 1925 732 1992 Triboritouo
755 1927 866 2011 potius
888 1944 960 1992 cum
983 1928 1128 1993 coeteris
1153 1927 1387 1992 Iustinianou-

315 2065 386 2110 rum
417 2048 527 2134 legum
560 2049 838 2131 compositoribus
865 2067 960 2133 quom
995 2045 1145 2133 Ulpiano
1167 2048 1387 2113 ueteribusue

316 2168 560 2233 Iureconsuitis
582 2167 790 2233 tribuendum
814 2174 887 2255 est,
924 2167 1011 2254 quod
1041 2169 1132 2232 nuile
1155 2169 1253 2234 nobis
1279 2186 1387 2254 neque

317 2287 405 2351 iliius
427 2290 526 2371 spatii
560 2290 700 2374 triginta
722 2288 847 2352 dierum
876 2307 984 2374 neque
1013 2289 1247 2375 plerorumque
1276 2308 1386 2354 rerum

316 2407 360 2475 ud
395 2411 565 2495 antiquum
602 2410 760 2475 bonorum
798 2408 1048 2475 uendendorum
1087 2409 1236 2474 ordinem
1277 2413 1386 2495 perti-

317 2532 462 2595 nentium
485 2532 630 2620 uestigia
652 2533 685 2594 in
707 2531 860 2620 Digestis
881 2548 1062 2615 superesse
1083 2528 1246 2595 uidemus.

378 2716 450 2783 Nec
472 2716 702 2801 dissimulabo,
731 2718 819 2803 qood
849 2717 1072 2805 fragmentum
1096 2714 1176 2780 iilud
1199 2720 1234 2780 et
1258 2717 1385 2782 uerbo-

313 2855 385 2901 rum
414 2841 584 2903 structurs
613 2841 648 2903 et
677 2841 917 2903 sententiarum
945 2839 1180 2902 coniunctione
1203 2835 1308 2902 bobet
1331 2843 1386 2901 iu-

314 2961 485 3040 coneinni‚
506 2962 670 3045 contorti,
691 2960 884 3045 suspiciosi,
906 2960 978 3023 eius
1000 2959 1147 3043 culpem,
1162 2978 1236 3023 mea
1253 2960 1385 3043 quidem

314 3081 524 3165 coniectura,
548 3099 613 3143 non
631 3084 696 3144 tom
711 3071 912 3156 librarent)
935 3098 1032 3163 quom
1054 3078 1136 3164 ipsis
1159 3076 1385 3164 Dtpestorum

348 3411 393 3477 33)
415 3426 455 3476 pr.
480 3412 502 3461 1.
534 3412 573 3461 De
598 3409 815 3460 successionibus
872 3409 926 3459 Tit.
947 3409 1009 3472 Dig.
1035 3411 1074 3460 De
1093 3410 1124 3461 ii.
1145 3410 1167 3459 1.
1193 3408 1238 3475 (in
1260 3412 1333 3477 Opp.
1354 3414 1387 3464 Τ.

312 3500 435 3550 subistis.
463 3499 540 3551 Cous.
568 3499 597 3547 L.
617 3499 643 3548 e.
669 3495 814 3547 L.1o.c.
872 3496 945 3547 viii.
961 3512 988 3560 p.
1007 3495 1083 3560 676.)
1104 3499 1157 3547 oin
1177 3497 1207 3547 L·
1227 3500 1274 3550 ³3.
1295 3499 1326 3563 δ.
1343 3506 1387 3561 1..

313 3589 353 3639 De
377 3590 442 3640 bon.
466 3592 571 3638 socior-
596 3587 651 3637 iod·
672 3599 715 3650 po.
737 3586 767 3634 L.
787 3584 813 3634 8.
873 3586 992 3650 «inquii,
1017 3587 1125 3637 uidetur
1143 3587 1240 3638 deesse
1267 3603 1387 3654 uersor,

311 3673 341 3738 ss.
367 3676 393 3726 3.
418 3677 447 3728 C.
478 3675 518 3725 De
545 3675 703 3738 praescript.
730 3673 814 3722 XXX.
873 3675 932 3722 «iio
960 3674 1082 3736 scilicet,
1109 3680 1138 3724 ot
1160 3683 1301 3738 pungatur
1327 3687 1388 3744 posi

313 3764 357 3814 oei
378 3766 433 3814 xi..
453 3778 536 3823 oon,
561 3770 587 3813 ei
611 3762 662 3812 rei.
683 3761 816 3810 Zimmern
873 3762 1012 3811 uuerbom
1032 3764 1179 3826 suscipiet,
1213 3764 1318 3816 deinde
1349 3770 1390 3818 iu·

311 3852 329 3902 Ι.
350 3867 374 3902 c.
395 3851 422 3915 δ.
441 3853 486 3902 86.
507 3867 532 3912 p.
552 3852 614 3900 270.
638 3864 713 3912 seqq.
738 3849 815 3899 Betb·
873 3858 1021 3899 oseruniur
1051 3851 1120 3901 baec
1148 3851 1252 3902 uerbo:
1285 3857 1335 3903 sed
1362 3860 1390 3906 si

309 3940 522 4000 monn-iiotiwep
542 3938 559 3987 Ι.
575 3952 598 3987 c.
614 3936 642 4000 δ.
657 3939 700 3986 27.
715 3952 741 3999 p.
751 3939 812 3987 ι290.
873 3939 966 3986 sotius
976 3937 1156 3999 defensionem
1165 3940 1223 3988 eius
1238 3947 1387 4005 suscipiat.

310 4041 385 4091 seqq.
406 4025 434 4089 ὅ.
455 4028 498 4076 3¹.
520 4041 546 4088 p.
566 4027 627 4076 aio.
649 4040 724 4089 seqq.
871 4026 967 4075 «debet
993 4027 1153 4075 satisdare»
1181 4035 1208 4077 ei
1237 4031 1289 4080 rei.
1317 4033 1387 4084 Ciiot

345 4117 390 4178 34)
412 4113 812 4165 VideCuiociumioComm.sd
870 4113 900 4162 Ι..
920 4114 947 4163 5.
966 4111 995 4175 b.
1015 4113 1042 4165 3.
1062 4115 1142 4176 Qoib.
1156 4128 1188 4166 er
1208 4131 1273 4168 cau.
1290 4123 1319 4172 in
1341 4138 1385 4187 po.
