3114 5046
416 375 476 438 ibi
526 370 621 474 Gap.
644 372 678 448 1.
730 371 793 449 Ite
818 377 903 450 iure
928 398 1089 450 caussae
1118 343 1384 462 Quinctianae.

257 570 395 669 ,pazt-³⁸⁸}
415 563 509 629 tonte
532 567 566 629 et
588 565 698 648 cupite
719 567 851 653 utatur,
880 563 923 629 ad
946 582 1084 650 eamque
1105 582 1308 632 communem
1331 583 1481 630 normam

255 686 336 736 nno·
368 642 381 682 '
413 687 487 750 tota
509 683 675 775 dirigatur
686 678 732 762 19).

389 846 391 851 ·
476 832 571 916 Quae
594 834 724 918 quidem
747 838 784 899 ut
800 836 868 899 sint
885 835 1074 918 uerissima,
1096 836 1379 919 praecipuamque
1393 853 1482 902 con-

412 958 544 1022 tineant
570 959 605 1020 et
634 957 729 1040 quusi
758 955 958 1022 ordinariam
985 956 1153 1021 tribunicii
1178 956 1292 1020 anxilii
1314 954 1482 1021 aduersus

414 1054 587 1142 Praetoris
608 1075 866 1142 iurisdictionem
882 1075 1048 1167 dirigendi
1063 1079 1241 1161 rationem,
1262 1077 1352 1141 uitro
1368 1082 1481 1141 tamen

413 1197 612 1282 concedam,
643 1200 815 1282 aliquanto
836 1199 939 1263 iatius
958 1200 1077 1283 patere
1097 1199 1132 1262 in
1153 1196 1385 1264 iurisdictione
1407 1217 1480 1262 mo-

401 1307 565 1384 'dernnda
596 1319 802 1384 tribunorum
835 1320 1125 1405 intercessionem,
1162 1337 1226 1385 nec
1259 1321 1365 1383 totam
1398 1320 1482 1403 ipsis

415 1440 497 1504 iuris
528 1440 636 1504 ciniiis
668 1440 802 1525 tinibus,
839 1441 958 1525 quibus
989 1439 1133 1505 Praetor
1163 1441 1198 1505 in
1229 1442 1301 1505 iure
1334 1438 1480 1507 dicendo

415 1560 539 1643 utitur,
561 1561 797 1628 circumscribi.

479 1677 566 1762 Quid
589 1700 672 1770 ergo
694 1675 775 1748 esti
796 1681 884 1747 Puto
907 1683 1059 1749 tribunos
1073 1683 1182 1769 piebis
1194 1680 1395 1769 niiquando,
1417 1698 1483 1748 nec

414 1801 551 1867 libidine
572 1803 696 1886 solum,
729 1801 789 1868 scd
818 1821 862 1868 ex
890 1822 971 1869 nera
1000 1807 1181 1888 potestatis
1205 1823 1288 1870 snae
1310 1801 1481 1869 indonet

415 1928 556 2009 nature,
580 1926 678 1989 eiiam
699 1923 866 1991 aduersus
884 1928 980 1991 octa
1002 1923 1175 1989 Praetoris
1197 1923 1336 1991 decreta
1358 1925 1483 2009 appoi-

415 2045 564 2111 iantibus
586 2047 634 2110 ita
655 2047 810 2109 auxilium
833 2046 967 2132 iniisse,
988 2049 1026 2110 ut
1042 2048 1115 2111 iure
1136 2047 1225 2112 oiuiii
1248 2064 1288 2112 uc
1307 2047 1481 2130 praetorio

414 2170 629 2255 neptitatem
645 2168 806 2250 potiorem
821 2165 1002 2252 baberent,
1017 2186 1126 2253 neque
1141 2169 1230 2232 inira
1243 2167 1341 2234 itlius
1356 2171 1482 2257 aepist-

416 2292 504 2354 iatic
525 2289 685 2351 terminos
704 2306 742 2351 se
764 2290 990 2372 continerent,
1012 2307 1097 2375 quac
1118 2294 1157 2355 tu
1179 2308 1398 2355 commiscent
1418 2308 1484 2353 rn-

415 2413 546 2474 tiouem
581 2425 750 2474 coruoerso
786 2411 819 2472 in
855 2411 926 2475 iure
962 2428 1093 2495 quoqne
1130 2408 1276 2476 dicendo
1310 2411 1483 2496 spectari,

416 2531 593 2615 quinetiam
616 2529 783 2613 partibus,
811 2548 854 2594 ex
876 2532 996 2616 quibus
1017 2532 1069 2595 ius
1090 2534 1244 2616 constat,
1268 2529 1485 2597 adnumerari

415 2651 503 2715 soiet
514 2642 567 2732 ²⁰),
590 2668 703 2714 uerum
726 2653 818 2734 quossi
840 2652 941 2716 altius
956 2653 1046 2717 cisto
1061 2657 1171 2717 mente
1187 2653 1353 2737 publicam
1370 2672 1485 2738 quan-

415 2770 489 2836 dam
502 2772 706 2855 priuatamue
719 2771 904 2857 uiiiitntem,
916 2777 975 2836 ani
987 2773 1192 2860 singulorum
1206 2792 1331 2856 eorum,
1341 2774 1398 2860 qni
1407 2775 1485 2839 liti-

413 2897 547 2983 gorcnt,
559 2896 780 2958 necessitates
793 2911 954 2974 moresne,
970 2891 1112 2979 deniqne
1127 2894 1287 2958 eiusmodi
1300 2896 1417 2960 uarias
1429 2914 1487 2960 res

415 3015 719 3100 amplecteremur,
751 3033 888 3096 quarum
914 3016 1076 3080 rationem
1102 3013 1228 3081 habere
1258 3014 1487 3103 effectumque

451 3242 585 3305 iit)1ndo
604 3244 649 3301 tii.
667 3251 697 3294 ni
715 3257 756 3295 m
770 3244 917 3303 iudicatos,
977 3246 1200 3310 «interpositum.
1225 3248 1264 3298 13·
1276 3260 1362 3312 saepe
1375 3248 1487 3299 dinem

416 3346 500 3396 quom
520 3335 590 3382 inter
609 3340 698 3396 panes
717 3333 795 3392 iiius,
814 3346 845 3382 ox
860 3335 919 3396 qui·
975 3341 1076 3395 «suni,
1103 3340 1134 3385 ni
1151 3336 1226 3386 aliud
1246 3336 1295 3386 aiii
1313 3337 1417 3397 indici,
1440 3342 1489 3387 nni

417 3422 467 3471 bus
486 3422 528 3470 ius
555 3426 678 3481 consini,
706 3426 918 3481 enumerantur,
976 3423 1131 3485 «praetori.
1156 3430 1203 3473 coi
1222 3424 1346 3482 consuli,
1372 3430 1422 3477 uui
1440 3427 1489 3476 tti-

416 3522 473 3558 non
499 3506 670 3559 Proambur
693 3509 782 3558 soiom
800 3522 863 3557 com
880 3509 920 3556 ise
976 3511 1068 3560 «tuno
1084 3512 1168 3574 piebis
1180 3512 1312 3575 placitum
1325 3514 1379 3565 sit:
1398 3518 1428 3564 oi
1446 3510 1488 3571 m,

416 3595 533 3654 dinuo,
561 3596 609 3645 scd
634 3598 716 3646 eiiam
733 3597 850 3645 tribunis
866 3597 920 3658 pic·
976 3605 1026 3649 «ui
1038 3600 1073 3650 dc
1085 3601 1221 3651 eademne
1233 3612 1316 3664 saepe
1326 3602 1401 3652 nlius
1412 3602 1489 3652 siind

417 3682 457 3732 bis
486 3685 657 3734 tribuentur:
688 3685 725 3733 mi
754 3684 921 3732 Herennium
977 3687 1154 3738 «decreuerit
1171 3694 1218 3737 ani
1242 3689 1389 3750 iudionrit,
1414 3689 1489 3753 quod

418 3768 461 3829 ii,
481 3770 524 3819 ic.
570 3770 702 3822 «Constat
728 3767 793 3834 (ios)
820 3784 851 3821 es
876 3772 920 3821 bis
977 3787 1108 3837 «gebun
1129 3775 1179 3825 rei.
1199 3775 1279 3827 Cont.
1298 3777 1331 3827 dc
1351 3776 1490 3828 inuentio-

419 3859 577 3921 «purtibosz
597 3866 703 3915 moion.
716 3860 787 3921 iege,
806 3873 921 3910 consue-
977 3876 1031 3912 «no
1048 3860 1090 3921 11,
1108 3863 1153 3912 fl.
1172 3863 1217 3914 bt
1237 3852 1307 3928 Top·
1326 3878 1353 3915 c.
1374 3865 1403 3917 ὃ.

418 3946 545 4001 «tudine.
559 3950 784 4012 iudicotmucquo
796 3955 823 3998 oi
836 3949 918 4005 bono,
1011 3949 1058 4011 io)
1078 3949 1156 4001 Coni.
1177 3951 1265 4014 Topic.
1286 3966 1312 4002 c.
1331 3953 1361 4004 5.
1381 3955 1421 4003 od
1440 3954 1491 4006 He·

420 4041 531 4097 ‹pacio-
567 4036 666 4085 Natura
682 4037 722 4085 ius
735 4037 920 4085 osi....iu-
977 4051 1053 4086 rena.
1087 4039 1128 4093 ΙΙ,
1164 4040 1206 4089 13.
1237 4041 1270 4089 do
1303 4041 1410 4093 inueni.
1445 4044 1490 4099 ΙΙ.

420 4124 558 4171 cointium
584 4131 623 4172 ssi
650 4124 692 4175 id.
724 4125 758 4172 io
782 4138 836 4186 quo
859 4137 919 4172 sco·
976 4126 1020 4174 ἓξ.
1040 4127 1085 4176 et.
1111 4152 1141 4161 -
1170 4128 1199 4176 i..
1220 4129 1247 4177 1.
1268 4143 1309 4192 pr.
1332 4126 1364 4192 5.
1385 4133 1413 4181 1.
1452 4131 1492 4181 iic

421 4214 526 4261 sicinio
557 4213 609 4261 istu
640 4220 680 4262 esi
710 4219 754 4261 aui
782 4213 920 4261 decretum
979 4214 1000 4261 Ι.
1021 4220 1046 4263 ei
1066 4215 1087 4263 Ι.
