3114 5046
179 574 225 614 box
248 576 274 612 bn

166 646 211 672 nn
220 632 286 671 sends

335 371 376 432 98
440 367 535 470 Gop.
558 369 589 442 l.
643 366 702 442 De
727 371 813 444 iure
838 391 999 442 couesoe
1028 366 1293 454 Quinctianae.

275 583 315 669 ιζ
398 561 496 626 Hanc
527 577 608 623 uero
644 575 846 624 communem
882 558 1073 623 auctionum
1102 560 1267 624 rationem
1301 578 1399 642 quum

166 695 246 729 *m*
333 682 378 749 cd
398 682 557 748 bonorum
578 678 803 745 uenditionem
825 678 1065 763 odplioeuerts,
1085 697 1228 746 neeesse
1250 684 1306 745 est
1324 683 1400 744 ete-

334 809 424 886 tuus,
457 804 534 890 lege
555 802 630 883 illo,
664 819 730 885 qun
751 799 794 865 de
815 801 945 889 egitur,
976 800 1167 865 uniuersum
1194 799 1401 866 uenditionis

332 928 559 1006 contractum,
594 942 659 1008 quo
689 922 822 987 futurae
853 923 1050 988 licitatione
1082 922 1191 987 uictor
1222 939 1266 986 ex
1299 921 1399 1012 oddi-

332 1050 445 1113 ctione
467 1049 656 1122 teneretur,
691 1062 752 1128 per
781 1043 917 1132 singulo
944 1043 1058 1127 capitu
1078 1040 1283 1126 descriptum
1304 1061 1399 1109 com-

333 1165 511 1252 prehendi,
539 1184 581 1231 eu
602 1169 729 1230 tuntum
752 1168 850 1250 purte
871 1181 980 1229 meuc
1000 1165 1135 1249 relicto,
1168 1182 1234 1248 qua
1255 1166 1399 1249 pretium

332 1291 404 1353 siue
437 1305 523 1372 quoe
555 1289 589 1350 in
620 1305 662 1351 eu
694 1287 808 1370 specie
841 1286 941 1371 pretii
970 1285 1080 1350 locum
1109 1285 1255 1370 obtinet,
1288 1286 1399 1370 portio

332 1408 555 1476 creditoribus
569 1409 613 1472 ab
628 1410 777 1492 emptore
792 1405 956 1473 soluendo
977 1406 1163 1474 definietur.
1205 1405 1293 1488 Quid
1316 1425 1399 1492 ergo

333 1522 418 1595 esti
439 1526 674 1596 continebitur
695 1547 736 1595 eu
756 1528 835 1617 lege
856 1548 977 1594 nomen
999 1528 1206 1614 decoctoris,
1237 1529 1398 1593 bonorum

332 1654 443 1718 cutem
464 1651 702 1735 qualiscunque
724 1649 924 1735 descriptio,
951 1650 1094 1715 forsitan
1122 1653 1221 1715 etiem
1245 1648 1398 1715 credito-

331 1791 417 1853 m,
452 1772 508 1856 qui
538 1773 758 1837 corruenerint
785 1763 925 1853 (neseio
952 1789 998 1836 un
1025 1770 1193 1837 distinctis
1218 1768 1398 1836 fiduciariis

331 1910 372 1960 uc
409 1883 658 1981 pigneratitlls)
694 1895 922 1978 enumeratio,
958 1892 1133 1958 Praetoris
1166 1909 1209 1957 nc
1244 1892 1398 1978 magistri

331 2016 422 2080 nullo
445 2014 546 2080 dubio
568 2014 914 2094 nominn,.eolutionis
932 2015 975 2079 nb
993 2017 1144 2098 emptore
1158 2011 1397 2100 praestandae,

331 2140 475 2220 exceptu
503 2137 706 2220 quontitate,
741 2137 992 2202 accuratissime
1021 2135 1209 2219 prueinitio
1236 2126 1307 2215 (ex
1332 2132 1398 2199 ud-

331 2255 477 2322 dietione
498 2259 610 2322 stetim
633 2255 796 2322 debentur
815 2274 861 2321 un
887 2260 983 2323 certa
1010 2255 1081 2338 die,
1116 2257 1281 2341 quibusue
1309 2273 1398 2341 pen-

330 2367 524 2460 sionibus),
556 2377 635 2462 quin
665 2396 727 2462 pro
755 2378 804 2442 rei
832 2378 1015 2462 quulitnte,
1047 2379 1183 2462 opinor,
1215 2375 1396 2462 uliqunndo

329 2496 563 2563 sutisdntionis
583 2499 626 2562 cb
647 2503 798 2582 emptore
820 2497 1046 2582 praestandae
1067 2500 1313 2582 praescriptio,
1334 2497 1396 2562 de

330 2622 431 2703 nique
462 2636 680 2703 quoscunque
715 2637 778 2703 pro
806 2620 909 2685 uariis
943 2637 1137 2686 cuussurum
1169 2618 1289 2707 liguris
1324 2638 1396 2686 cum

329 2743 425 2805 utilia
453 2739 676 2806 creditoribus
709 2746 777 2804 tum
810 2741 1016 2825 emptoribus
1042 2739 1262 2805 subleuundis
1295 2745 1397 2825 utque

327 2861 515 2927 alliciendis
534 2867 617 2946 uptu
639 2862 763 2926 suerint
786 2864 868 2927 uiso„

392 3028 487 3092 llnec
509 3027 612 3115 igitur
632 3034 729 3108 sunt,
760 3047 845 3112 qune
873 3028 930 3092 illu
957 3029 1117 3093 bonorum
1143 3026 1394 3094 uendendorum

329 3150 407 3236 tege
428 3166 582 3213 censeam
604 3147 839 3231 comprehendi
860 3151 962 3213 solitu
981 3168 1069 3214 esse.

392 3305 479 3387 Quid
501 3312 611 3371 nutem
633 3305 722 3389 quod
747 3305 959 3389 l'beupittue
979 3307 1023 3373 de
1045 3311 1199 3393 portione
1214 3309 1397 3375 creditori-

329 3426 392 3492 bus
412 3425 576 3491 soluendn
598 3430 712 3490 namt
734 3419 928 3492 contineri?

390 3583 548 3649 Nimirum
576 3588 671 3650 certo
699 3600 740 3648 cc
770 3583 863 3650 finita
890 3587 983 3651 nullo
1011 3594 1112 3672 pecto
1138 3591 1309 3655 contineri
1333 3610 1398 3676 po-

328 3705 410 3786 tuit,
442 3722 528 3788 quoe
557 3703 671 3768 future
698 3703 826 3769 demum
853 3707 1037 3773 licitatione
1060 3714 1151 3774 esset
1174 3710 1401 3776 conficienda.

329 3823 427 3905 Quod
459 3845 557 3909 quum
589 3844 705 3890 omnes
733 3828 976 3915 intelligerent,
1009 3831 1177 3914 paululum
1211 3833 1350 3915 quidem
1381 3852 1404 3898 a

328 3944 515 4029 ‘lbeopltilo
545 3944 704 4011 recedere
736 3947 887 4035 legisque
920 3968 1016 4034 quem
1047 3949 1183 4014 tradidit
1220 3952 1402 4020 formulam

328 4069 500 4153 corrigere
522 4068 736 4130 necessitatis
765 4086 841 4132 esse
869 4068 1119 4158 iudicauerunt3
1151 4072 1185 4137 id
1214 4093 1301 4139 uero
1334 4097 1404 4161 quo

330 4188 521 4270 parcissime
544 4185 653 4260 bonu,
680 4189 727 4251 itu
748 4190 1003 4274 consuluerunt,
1032 4199 1068 4255 ut
1092 4195 1284 4277 portionem
1308 4199 1399 4263 illem
