3114 5046
337 388 398 450 568
497 383 592 484 Gap.
610 384 645 458 1.
696 380 759 457 De
775 387 861 459 iure
877 409 1037 459 causaue
1058 380 1275 458 Toutomoe.

171 603 326 656 ommino..
345 576 469 662 dempto
492 574 674 658 dissensio,
695 593 772 638 num
794 593 915 638 meram
939 591 1097 660 poenam,
1125 593 1170 639 an
1201 573 1253 639 rai
1284 592 1404 658 quoque

285 700 288 707 “
345 690 611 782 persecutionem
635 674 883 768 continerem).

368 822 371 828 '
407 816 481 900 Quo
497 819 572 884 loco
587 816 668 882 nihii
686 816 846 885 habemus
864 814 907 881 ad
928 816 1179 905 intelligendam
1196 835 1312 882 ueram
1329 834 1406 883 cor·

343 943 529 1005 trouersiae
550 943 702 1005 naturam
725 914 839 1002 utilius
861 955 957 1021 quam
979 939 1221 1023 ineptissimum
1247 937 1406 1025 quendam

334 1064 376 1125 ¹in
396 1058 589 1127 Icuttoiooi
606 1058 891 1126 mutationibus
909 1059 1084 1126 articulum
1093 1055 1151 1147 ²³),
1172 1061 1209 1124 in
1228 1038 1323 1125 hace
1333 1077 1407 1126 uer-

341 1183 385 1248 ba
407 1185 626 1267 conceptum:

402 1333 420 1389 ,ι
434 1299 663 1386 Quadrupium
684 1305 794 1366 autem
818 1322 886 1368 non
911 1306 1016 1368 totum
1038 1303 1408 1388 poenaest,·1cutn

408 1427 567 1498 *actione
589 1424 670 1488 furti
692 1425 860 1489 manifesti
883 1423 1042 1511 diximus,
1072 1422 1134 1489 sed
1165 1426 1201 1489 in
1224 1423 1407 1510 quadruplo

408 1548 521 1612 ..inest
544 1548 578 1610 et
599 1547 650 1610 rei
678 1546 889 1630 persecutio:
918 1548 955 1610 ut
983 1564 1095 1631 poena
1123 1547 1216 1631 tripli
1246 1546 1313 1633 sit,
1342 1548 1406 1612 sino

402 1652 737 1751 '·compreoendotur
765 1671 883 1747 raptor
911 1666 1047 1753 inipso
1078 1665 1202 1733 delicto
1230 1668 1307 1734 siue
1334 1685 1406 1735 naa

410 1822 421 1848 .
436 1787 624 1855 Ridiculum
640 1790 725 1853 enim
740 1788 997 1875 asset,1euioris
1013 1786 1222 1854 condicionis
1234 1807 1317 1856 ease
1330 1808 1407 1875 eum,

410 1911 491 1996 «qui
512 1912 545 1974 ui
568 1912 658 1995 rapit
679 1930 776 1995 quam
800 1911 855 1995 qui
877 1910 962 1976 clam
983 1912 1145 1974 amonem·

406 2067 500 2135 Ecce
528 2071 631 2133 totam
658 2050 1017 2135 controuersiam'cum
1039 2068 1256 2154 aequissima,
1290 2070 1322 2134 si
1343 2070 1407 2135 litis

345 2192 475 2278 placet,
505 2188 692 2278 decisione,
728 2188 886 2254 uidelicet
916 2209 958 2254 ex
993 2189 1102 2255 altera
1130 2191 1205 2255 acie
1241 2193 1407 2256 sententia

345 2313 470 2399 petito,
492 2314 535 2374 cx'
557 2310 666 2376 altera
686 2307 947 2399 argumerrto.²‘')

408 2433 493 2498 Nam
516 2452 559 2499 ex
582 2451 647 2518 quo
670 2433 807 2517 primum
828 2433 863 2496 in
885 2434 1059 2518 proposita
1080 2434 1216 2500 actione
1229 2432 1337 2520 [πενία
1352 2450 1407 2522 po·

346 2555 505 2618 tissimum
527 2555 785 2642 spectabantur,
818 2555 1025 2619 domitorum
1047 2555 1172 2644 exigua
1193 2557 1285 2620 ratio
1308 2556 1406 2623 hooc

346 2677 462 2762 batur,
485 2674 563 2760 quid
586 2681 659 2740 erat
681 2677 846 2761 paratius,
869 2694 965 2759 quam
987 2674 1052 2741 iroc
1074 2674 1231 2741 iudicium
1251 2694 1329 2743 curn
1351 2676 1405 2742 du-

347 2800 425 2883 plici
447 2800 580 2863 actione
603 2798 684 2862 surii
715 2815 915 2880 componere
945 2800 979 2862 et
1001 2797 1164 2862 furtorum
1188 2800 1254 2862 tria
1277 2780 1411 2888 gener&

346 2917 544 3008 mortificati,
587 2938 651 2983 occ
688 2916 888 3007 manufesti,
929 2918 1076 2984 eculeum
1108 2936 1181 2985 cum
1217 2919 1402 2990 delictorum

347 3059 594 3125 poenarumque
618 3039 835 3123 proportione
858 3032 1080 3105 examinare?
1116 3037 1217 3122 Quod
1239 3062 1339 3127 quun
1358 3042 1402 3107 ir·

346 3164 480 3248 cerent,
502 3160 584 3224 nihii
607 3159 737 3245 quidem
760 3158 1015 3226 offendebantur
1032 3162 1182 3251 legitimo
1205 3162 1265 3229 iilo
1288 3165 1359 3230 iure
1376 3166 1402 3227 et

352 3351 354 3357 ·
380 3333 425 3401 22)
451 3335 547 3400 §.st
571 3337 594 3385 1.
625 3336 666 3387 Do
689 3336 848 3387 actionibus.
909 3336 971 3386 «bis
984 3339 1147 3399 competit.»
1169 3364 1198 3375 -
1233 3337 1400 3392 nummi·

348 3424 403 3474 «Vi
428 3431 517 3476 autern
541 3425 680 3475 'bonorum
714 3431 849 3488 raptorum
908 3426 925 3476 Ι.
941 3439 968 3488 ρ.
984 3425 1045 3475 rau.

348 3517 440 3564 «actio
465 3515 544 3564 mima
570 3520 624 3573 cst,
643 3517 706 3575 quir
731 3517 758 3562 in
784 3527 850 3577 qua·
942 3510 987 3576 2³)
1008 3526 1049 3575 pr.
1063 3514 1087 3562 Ι.
1101 3513 1127 3562 h.
1143 3522 1162 3563 t.

349 3601 495 3663 «amptum
512 3604 551 3651 rei
566 3604 715 3663 persecutio
731 3606 850 3655 contine·
942 3599 987 3661 at)
1006 3604 1120 3653 Diuersa
1140 3605 1337 3667 interpretandi
1357 3608 1400 3655 tc*

349 3697 423 3749 «tur.
431 3696 613 3751 poooaautcm
625 3692 696 3753 tripii
708 3698 776 3740 ear.»
788 3691 848 3742 Goi.
908 3692 1006 3741 tamira
1020 3693 1144 3741 inuentor
1157 3693 1231 3754 apud
1247 3693 1400 3758 faramea·

301 3835 304 3839 ¹
350 3779 395 3839 lv,
410 3778 436 3828 8.
476 3779 615 3831 «Poenam
635 3786 737 3829 tantum
756 3791 849 3829 conso·
907 3778 941 3828 ad
955 3777 1011 3828 iai.
1027 3786 1053 3829 et
1072 3781 1143 3841 apud
1160 3784 1324 3835 recentiores
1340 3781 1398 3833 cnr

349 3870 480 3931 «unimur
504 3869 582 3919 neiat
605 3872 710 3919 actions
739 3867 801 3918 iurti
825 3873 852 3917 et
908 3873 1069 3919 mentatores
1098 3869 1311 3922 institutionum·
1356 3867 1397 3920 ite

349 3959 529 4008 «iniuriarum
555 3964 582 4007 οι
605 3956 752 4009 secundum
784 3970 850 4021 quo·
910 3968 970 4006 cum
986 3960 1105 4008 sentiunt
1118 3958 1288 4012 smmum
1306 3961 1337 4012 ad
1354 3952 1395 4008 ni·

349 4045 493 4096 «rumdam
515 4047 668 4106 opinionem
692 4048 797 4096 actione
822 4049 851 4096 ui
909 4052 936 4098 et
963 4045 1186 4100 Untcrtotrocrur
1217 4051 1235 4101 Ι.
1258 4050 1277 4100 Ι.
1300 4063 1325 4113 p.
1348 4041 1393 4095 'iii-

350 4134 502 4184 «bonorum
515 4140 670 4194 raptorum:
693 4146 753 4184 nam
767 4137 850 4197 ipsius
907 4139 964 4184 not.
987 4136 1003 4185 Ι.

350 4240 363 4268 «
373 4229 410 4276 rai
423 4232 448 4276 at
461 4224 606 4275 uindicaiio
621 4231 646 4275 et
659 4225 791 4277 condictio
803 4236 849 4274 no·
