3114 5046
155 303 245 389 s..8
272 299 333 373 A.
352 298 417 386 (Ρ.
436 301 624 374 omanem
640 308 744 374 recte
760 299 972 399 defenderit
987 323 1114 375 necno.
1155 301 1216 365 155

155 492 199 557 uel
222 489 326 556 liodle
353 509 435 574 nos,
471 488 610 574 perinde
636 492 739 575 atque
766 488 810 556 de
835 487 1007 556 seditiosis
1028 507 1070 557 ao
1094 491 1216 556 turbu·
1235 498 1328 597 Αἲξ-ἲ
1329 499 1375 608 :i

155 615 249 677 entis
270 614 306 677 in
334 612 508 697 republica
535 610 687 700 gerendo
714 612 857 679 tribunis
886 612 1026 696 plurima
1057 612 1260 699 legimus,
1235 614 1315 666 wei·

155 737 276 800 oaritcr
298 735 396 799 etiam
418 731 619 798 abundaturi
635 751 785 799 essemus
799 734 964 818 exemplis
977 751 1106 815 eorum,
1130 752 1216 818 quae

156 859 233 921 ater
257 854 489 920 dissensiones
510 856 709 939 praesertim
731 855 849 921 ciuiles
862 855 896 918 in
912 855 1037 918 auxilio
1051 852 1216 919 aduersus

155 975 346 1042 Praetorum
369 974 629 1042 iurisdictionem
651 978 723 1042 siue
745 975 885 1042 serendo
911 977 984 1041 siue
1012 974 1214 1065 denegando

155 1116 166 1163 ι
183 1098 332 1163 tribunis
353 1097 461 1182 piebis
476 1095 554 1162 odio
571 1101 605 1163 et
623 1101 755 1188 gratiae
772 1098 981 1182 partiumque
997 1095 1111 1162 studio
1128 1115 1215 1163 con-

155 1238 261 1299 tessa,
294 1223 397 1306 atque
426 1221 511 1285 citra
541 1219 640 1284 ullam
663 1220 844 1305 aequitatis
866 1220 1118 1287 excusationem
1139 1236 1214 1285 am-

155 1342 270 1407 iitiose
293 1340 480 1426 cupideque
500 1344 600 1431 gesta
625 1342 750 1406 essent.

204 1462 415 1529 Hortensius
425 1462 585 1528 Naeuium
600 1459 787 1527 deiendens
799 1461 949 1550 negauit,
964 1460 1070 1526 luisse
1084 1460 1214 1527 Naeuio

155 1602 261 1668 mrem
282 1601 357 1650 cum
379 1583 507 1650 Alieno
529 1586 747 1651 certationem
774 1583 831 1648 illo
858 1587 1024 1668 tempore,
1056 1583 1122 1648 illis
1150 1583 1215 1648 do-

155 1706 359 1770 minantibus
401 1703 501 1770 Haud
522 1705 740 1788 improbabile
763 1703 893 1791 quidem
915 1703 949 1768 id
972 1706 1096 1789 ipsum,
1119 1706 1215 1790 quic-

155 1825 222 1912 quid
245 1822 368 1894 Cicero
389 1829 512 1893 contra
533 1825 635 1892 diest.
678 1825 728 1890 At
746 1845 899 1914 magnum
914 1829 1007 1892 certe
1023 1824 1087 1891 hac
1101 1829 1215 1892 aetate

155 1965 260 2013 eorum
288 1948 496 2036 litigatorum
527 1965 698 2012 numerum
728 1947 850 2031 luisse,
883 1949 938 2032 qul
967 1949 1141 2013 uerissime
1166 1950 1215 2012 ita

155 2071 383 2155 quererentur,
405 2069 520 2154 ecquis
541 2070 575 2133 in
598 2067 732 2134 dubium
755 2061 920 2139 uocabit?

204 2244 317 2330 Atqui
339 2246 551 2330 perspicuum
573 2248 643 2332 est,
664 2264 729 2331 quo
751 2247 857 2311 maior
877 2264 958 2330 spes
973 2249 1064 2312 esset
1080 2247 1214 2332 iniquae

155 2367 354 2433 uibunorum
396 2368 648 2433 intercessionis
684 2365 848 2432 aduersus
889 2369 977 2433 iusta
1016 2366 1215 2433 Praetorem

155 2486 287 2555 lecrcta
328 2487 582 2573 impetrandae,
625 2507 666 2554 eo
707 2490 945 2573 propensiores
979 2487 1022 2553 ad
1063 2490 1216 2554 tribunos

155 2610 254 2694 plebis
288 2608 509 2696 appellandos
544 2609 648 2675 tuisse
680 2611 893 2700 litigatores,
929 2611 985 2696 qui
1021 2609 1113 2675 nullo
1149 2628 1214 2674 ne-

155 2750 209 2817 que
241 2733 316 2796 iure
344 2749 453 2816 neque
482 2733 662 2817 aequitatis
690 2734 787 2798 titulo
816 2733 948 2815 muniti,
984 2733 1079 2795 immo
1101 2730 1214 2818 gratia

155 2854 280 2939 potius,
311 2854 481 2939 potentia,
514 2857 654 2938 partium
688 2853 818 2939 studio,
853 2854 887 2917 ui
920 2856 954 2917 et
983 2853 1103 2917 iniuria
1135 2852 1213 2917 freti

155 2972 321 3041 Praetoris
356 2975 491 3062 iustum,
526 2992 612 3061 quae
642 2975 704 3041 sibi
740 2973 964 3059 impenderet,
999 2975 1213 3039 seueritatem

155 3112 363 3185 oppugnare,
395 3099 566 3185 euertere,
599 3096 765 3162 frustrare
791 3099 893 3181 atque
921 3113 943 3160 a
973 3113 1012 3162 sc
1043 3094 1213 3180 depellere

155 3218 363 3286 conarentur.

206 3393 326 3479 Neque
348 3412 487 3478 prorsus
508 3391 630 3458 desunt
660 3413 701 3458 ex
724 3397 922 3481 antiquitate
946 3396 1099 3475 exempla
1120 3397 1213 3462 eius-

155 3514 235 3581 nodi
266 3517 551 3600 appellationum,
585 3535 668 3601 quas
700 3518 763 3582 iuri
795 3518 996 3601 explorato,
1027 3520 1213 3602 aequitati,

155 3635 267 3719 pudori
296 3639 486 3703 contrarios
513 3655 622 3723 neque
650 3638 898 3723 appellantibus
931 3656 1039 3723 neque
1070 3639 1213 3704 tribunis

156 3758 197 3838 pi.
210 3757 371 3824 honestus
386 3759 492 3825 fuisse
507 3758 703 3845 habitasque
720 3778 813 3841 esse,
837 3759 1015 3844 quinetiam
1031 3758 1211 3845 aliquando

192 4033 230 4090 td)
247 4037 312 4088 Vide
330 4052 355 4088 e.
377 4037 423 4087 21.
