3114 5046
332 210 395 274 3⁶⁸
435 209 532 312 cop.
549 211 585 286 1.
638 209 700 285 De
724 214 810 287 iure
838 235 1001 287 caussae
1028 208 1300 289 coaetanea.

175 421 313 528 ..Μ-π.
398 413 565 496 «unoque
593 412 782 496 accipiebat
810 413 1028 496 sacramenti,
1060 411 1149 497 quod
1177 409 1212 475 ld
1233 413 1268 477 ln
1291 411 1405 497 publi-

178 537 215 573 i·-
234 535 263 576 ¹t
398 551 494 599 acum
517 533 675 599 cedebat:
700 533 830 598 festuca
844 537 955 599 autem
972 533 1154 599 utebantur
1169 535 1264 619 quasi
1284 532 1404 598 bastae

397 655 514 739 «loeo,
555 657 655 743 signo
684 654 825 740 quodam
855 655 931 719 iusti
960 647 1112 719 dominii:
1147 657 1289 720 maxime
1318 657 1403 720 enirn

397 795 483 842 «sua
515 795 591 843 esse
624 776 808 842 credebant
841 794 926 863 quae
961 795 1003 841 ex
1032 775 1185 842 hostibus
1214 776 1402 862 cepissent,

395 897 509 964 «unde
541 901 576 962 ln
609 899 903 965 centumulrullbus
936 898 1067 965 iudiciis
1095 897 1192 963 basta
1216 901 1403 983 praeponi-

396 1023 487 1084 ·tur.
511 1057 552 1070 ·-
573 1015 611 1086 Sl
635 1038 699 1104 qua
721 1020 878 1085 testulis
900 1024 991 1105 crat,
1024 1023 1062 1084 ut
1085 1039 1152 1085 non
1174 1021 1249 1086 sine
1271 1022 1401 1087 incom-

396 1140 519 1206 «modo
548 1145 665 1226 posset
692 1144 726 1205 ln
757 1143 809 1206 ius
842 1141 952 1207 ullerri
982 1143 1035 1206 uel
1065 1141 1205 1226 adduci,
1247 1143 1342 1208 uelut
1374 1143 1401 1207 si

396 1263 574 1328 «columna
606 1266 664 1327 arri
700 1282 786 1352 grex
819 1264 961 1328 alicuius
1000 1265 1133 1348 pecoris
1174 1267 1286 1351 esset,
1322 1281 1402 1349 pars

396 1385 533 1468 ealiquo
555 1382 632 1449 inde
654 1386 847 1451 sumebatur
869 1388 903 1450 et
924 1385 959 1450 in
981 1387 1033 1449 los
1054 1384 1278 1468 afferebatur,
1311 1389 1347 1451 et
1369 1389 1400 1450 ln

397 1523 494 1570 «eam
517 1509 645 1591 partem
675 1506 814 1591 perinde
835 1511 937 1592 atque
959 1509 993 1570 ln
1018 1511 1121 1571 totam
1143 1525 1212 1570 rem
1235 1525 1402 1592 praesen-

397 1631 488 1693 ..tem
505 1627 604 1693 fiebat
627 1628 826 1714 uindicatlo,
854 1630 947 1693 uelut
969 1647 1012 1693 ex
1034 1626 1140 1694 fundo
1161 1629 1267 1716 gleba
1288 1647 1402 1695 sume-

397 1751 520 1816 ·botur
542 1753 576 1814 et
599 1768 642 1813 ex
665 1749 804 1815 aedibus
827 1752 966 1836 tegula·
991 1750 1050 1815 rel.

395 1905 467 1976 Sed
488 1910 663 1996 abrogatis
696 1910 783 1998 legis
812 1910 1001 1975 actionibus
1030 1907 1094 1975 hoc
1123 1906 1220 1974 modo
1245 1926 1307 1992 per
1329 1909 1401 1974 ior-

331 2031 450 2096 mulem
473 2032 658 2114 coeperunt
680 2031 713 2093 in
736 2049 804 2095 rem
827 2049 947 2120 agere,
985 2033 1021 2094 ut
1048 2034 1082 2095 ln
1116 2032 1188 2095 lure
1216 2035 1315 2098 actor
1344 2032 1400 2096 tell

331 2153 514 2238 sponsione
536 2151 765 2216 aduersarium
795 2155 1014 2237 prouocaret:
1047 2147 1089 2218 Si
1111 2171 1246 2218 runous
1269 2172 1337 2228 ouo
1359 2175 1401 2218 or

330 2292 460 2340 aaaron
483 2295 527 2339 nx
550 2292 632 2339 runa
655 2271 846 2355 Quirinum
868 2293 960 2340 maus
982 2294 1058 2356 nso,
1088 2292 1290 2340 snsrrarros
1322 2294 1400 2339 xxv.

330 2415 472 2462 nouum
492 2415 586 2461 uana
608 2369 787 2461 sunnone?
819 2394 940 2461 deinde
968 2396 1142 2461 formulam
1171 2393 1308 2477 ederet,
1338 2415 1398 2481 qua

329 2517 526 2584 intendebat
549 2519 742 2602 sponsionis
763 2537 918 2583 summam
941 2519 1003 2584 sibi
1027 2516 1098 2583 duri
1129 2523 1298 2603 oportere.
1343 2514 1473 2585 Si--

330 2642 397 2705 mul
418 2646 528 2705 aulem
558 2641 601 2705 ab
632 2658 672 2704 eo
695 2641 824 2724 quicum
854 2639 1020 2727 agebatur
1040 2638 1272 2705 satisdandum
1294 2632 1474 2707 actorffi

329 2766 404 2828 erat
425 2764 563 2848 propriu
586 2760 727 2846 quadam
750 2762 984 2848 stipulatione,
1006 2780 1093 2847 quae
1114 2761 1158 2827 ad
1179 2763 1290 2828 instar
1311 2764 1476 2829 anti-

330 2902 416 2969 quae
448 2886 535 2972 legis
564 2884 707 2948 actionis
736 2882 972 2967 appellabatur
1004 2903 1068 2968 pro
1096 2884 1231 2969 praede
1259 2883 1336 2951 luis
1366 2874 1476 2948 eff

328 2999 662 3075 uiradlotoromW).

390 3163 481 3228 Eece
511 3180 591 3226 uero
621 3165 653 3226 in
684 3183 772 3228 noua
802 3162 866 3228 hac
888 3163 1012 3253 agendi
1034 3163 1156 3250 forma,
1189 3165 1357 3250 quomodo
1378 3170 1477 3231 fl

328 3285 492 3368 principio
525 3285 710 3348 constituta
743 3290 816 3370 est,
851 3286 1010 3370 reliquias
1042 3286 1201 3370 quasdam
1236 3293 1272 3354 et
1306 3288 1419 3375 quus.=
1456 3272 1477 3332 J

381 3606 425 3673 bl)
445 3609 682 3670 Goi.lv‚9³.ba.‚
697 3609 830 3672 ublprac·
889 3614 971 3675 aquia
995 3613 1073 3672 olim,
1095 3626 1156 3663 cunr
1179 3614 1238 3678 lega
1254 3617 1391 3680 agebatur.
1473 3629 1479 3651 ν

327 3703 369 3750 ier
382 3699 483 3759 uerba,
503 3713 572 3763 quoe
584 3713 662 3762 supra
683 3714 709 3762 p.
726 3701 768 3748 11.
784 3700 830 3750 ed·
888 3713 959 3763 «pro
975 3702 1021 3748 lita
1033 3709 1057 3751 ei
1074 3703 1216 3765 uindiciis,
1238 3705 1265 3755 ld
1279 3715 1336 3767 cat,
1351 3698 1473 3768 proe¹

328 3791 438 3850 scripsi,
474 3788 539 3840 bueo
563 3788 710 3840 habentur:
741 3789 828 3839 oldao
888 3803 938 3838 ore
959 3796 985 3838 et
1001 3789 1131 3841 inuetibus
1151 3805 1166 3844 ι
1186 3806 1339 3853 possessore
1353 3789 1465 3857 peae⁴

329 3883 441 3926 «aulem
462 3878 593 3940 appellata
612 3884 651 3929 cst
669 3879 830 3941 proproede
888 3880 982 3928 atltanl
1016 3879 1148 3931 dabuntur
1186 3885 1336 3943 praedes.»
1366 3886 1456 3917 s

329 3965 404 4015 alitia
415 3967 591 4015 aladiatorium
603 3968 755 4030 stipulatio,
766 3969 830 4029 qula
888 3965 965 4015 Cani.
980 3969 1009 4015 in
1026 3967 1132 4019 Verrem
1145 3970 1173 4031 l,
1187 3970 1233 4023 45.

329 4056 377 4103 «in
407 4055 492 4104 locum
521 4056 663 4117 praedium
687 4058 828 4114 successit,
