3114 5046
336 400 400 465 ati
447 397 542 501 Cup.
571 399 605 474 1.
660 396 722 473 De
744 404 831 475 ture
858 404 1020 475 edessae
1046 399 1316 478 coccineam.

169 608 319 706 affini·
399 596 487 682 Quid
508 597 552 664 ad
574 599 639 665 lroc
661 591 835 671 dicemus?
870 599 925 665 lle
947 601 1153 665 uerisslmum
1175 619 1271 685 esse,
1294 602 1402 666 ratio·

337 740 381 786 ne
401 722 660 787 infirmissimum.

399 843 475 909 Non
499 846 606 908 tenuit
625 839 781 910 Caecina
803 840 956 922 fundum,
977 862 1020 908 ne
1042 845 1242 909 naturaliter
1264 843 1404 930 quiden.

336 961 406 1031 Sed
430 967 504 1050 quis
528 967 624 1030 nobis
646 970 699 1029 cst
721 969 857 1045 auctor,
887 962 951 1029 huo
975 960 1155 1030 Ciceronis
1180 970 1320 1050 aetate,
1350 968 1402 1051 qui

337 1104 400 1153 nec
418 1085 628 1172 possedisset
648 1085 784 1151 iundum
802 1103 866 1151 nec
885 1089 1056 1151 terruisset
1070 1076 1179 1171 [quae
1197 1086 1297 1151 liuius
1310 1088 1402 1151 uerbi

337 1210 389 1272 uis
404 1206 493 1293 apud
511 1204 658 1295 Gaium,
685 1205 874 1292 Ulpianum
892 1208 1029 1291 eiusque
1050 1210 1124 1272 aeui
1140 1209 1403 1273 Iurisconsultus

337 1321 425 1409 luit)
458 1348 531 1393 eum
559 1327 741 1393 interdicto
772 1327 814 1393 de
845 1329 879 1391 ui
909 1333 1037 1395 armata
1068 1331 1205 1396 uincere
1237 1348 1402 1416 nunquan

338 1443 521 1536 potuisse?

402 1570 477 1652 Quo
498 1574 648 1656 tempore
670 1570 703 1636 hi
726 1572 906 1654 florebant,
929 1572 992 1639 hoe
1012 1571 1223 1639 interdictum
1238 1572 1405 1638 adinstar

337 1695 563 1779 caeterorum,
606 1712 692 1778 quae
732 1695 957 1778 possessionis
992 1695 1065 1760 siue
1099 1693 1299 1759 retinendae
1334 1695 1406 1759 siue

338 1814 590 1899 recuperandae
613 1834 734 1881 caussa
768 1820 961 1899 comparata
991 1819 1086 1899 sunt,
1118 1833 1199 1881 uere
1224 1834 1407 1902 possesso·

339 1939 431 2000 viarm
452 1935 516 2000 iuit
538 1936 707 2019 ellectum,
729 1937 793 2002 troc
809 1941 877 2019 est,
901 1939 1123 2021 possessionis
1145 1939 1354 2004 necessitate
1374 1940 1408 2002 ln

340 2062 474 2138 actore,
497 2077 594 2142 qurum
617 2038 837 2141 deiiceretur,
867 2061 1166 2144 circumscriptum:
1199 2061 1255 2145 qul
1278 2063 1409 2124 tanturn

341 2197 408 2243 non
437 2196 517 2243 uere
547 2177 778 2268 possiderent,
816 2181 836 2243 ii
866 2200 981 2245 omnes
1008 2183 1080 2244 sine
1109 2180 1176 2244 ulla
1203 2184 1410 2264 exceptione

341 2302 427 2364 omni
451 2301 579 2364 illorum
601 2299 852 2366 interdictorum
874 2303 944 2367 iure
960 2295 1184 2377 caruerunt0).
1227 2303 1299 2367 lam
1315 2308 1410 2369 irato

309 2404 531 2507 'possessore
551 2423 640 2486 inter
661 2441 792 2509 omnes,
830 2425 883 2509 qui
912 2442 979 2487 non
1010 2422 1202 2512 possident,
1237 2426 1417 2507 proximus

341 2560 423 2607 sane
446 2546 498 2607 est
521 2545 576 2628 qui
597 2543 814 2609 rtaturaliter
839 2563 926 2631 rem,
962 2542 1005 2608 de
1034 2563 1099 2629 qua
1126 2546 1261 2633 agitur,
1293 2549 1416 2633 tenet,

341 2667 396 2749 qui
413 2682 554 2748 corpore
576 2684 637 2728 suo
660 2667 693 2728 in
716 2663 819 2729 fundo
843 2670 906 2745 est,
931 2670 1033 2749 utque
1054 2685 1075 2730 a
1095 2683 1294 2750 possessore
1318 2666 1417 2731 nulla

342 2805 379 2850 re
414 2786 524 2851 differt
560 2789 622 2849 nisi
657 2785 744 2870 quod
782 2787 923 2850 animum
958 2785 1149 2870 possidendi
1187 2805 1255 2850 non
1297 2786 1415 2851 habet.

342 2903 402 2975 Cui
429 2927 527 2993 quum
550 2907 638 2971 haud
666 2925 765 2972 secus
790 2926 885 2991 quam
914 2910 1058 2972 cacteris
1086 2926 1182 2971 omne
1205 2907 1410 2973 interdicto-

341 3048 412 3093 rum
439 3032 489 3092 ius
514 3027 757 3115 denegaretur,
790 3027 867 3112 quid
899 3033 979 3094 tunc
1003 3031 1138 3092 attinuit
1160 3031 1193 3093 in
1226 3031 1298 3094 iure
1327 3047 1408 3095 cae·

342 3156 451 3234 toros,
467 3152 521 3235 qut
537 3169 580 3215 ne
595 3155 749 3216 tenerent
765 3148 911 3235 quidem,
933 3149 993 3214 sed
1009 3153 1107 3215 etiam
1128 3151 1249 3214 laxiori
1265 3149 1404 3235 quodam

341 3273 475 3337 uinculo
497 3271 655 3336 habituue
678 3270 813 3337 cundum
836 3273 1060 3359 attingerent,
1083 3290 1150 3335 non
1168 3270 1267 3335 modo
1287 3270 1403 3360 gradi

342 3392 420 3475 bus,
441 3393 640 3480 generibus,
662 3394 865 3478 nominibus,
893 3395 1024 3457 ratione
1045 3392 1255 3480 distinguere
1280 3409 1324 3459 ac
1346 3393 1403 3457 ‹le›

341 3514 507 3593 seribere,
529 3530 642 3576 uerum
660 3515 758 3576 etiam
776 3517 907 3577 omnino
923 3505 1125 3597 respicere?
1154 3512 1243 3577 Nilril
1259 3515 1343 3578 luris
1357 3517 1401 3577 est

342 3633 387 3717 ei,
416 3634 470 3717 qui
493 3635 606 3697 tenet:
637 3633 714 3718 quid
743 3635 849 3699 reiert
875 3653 1053 3719 quaerere,
1087 3637 1142 3720 'qui
1170 3636 1254 3700 luris
1281 3633 1401 3725 gradus

339 3755 408 3819 sint
433 3773 562 3836 corun,
594 3758 649 3841 qui
675 3760 734 3820 aut
761 3755 929 3821 deteriore
957 3759 1016 3819 aut
1039 3755 1081 3820 ad
1104 3776 1265 3822 summum
1292 3754 1400 3824 eodeu

340 3876 413 3939 iure
435 3894 549 3941 omnes
571 3882 773 3942 censeantur
795 3895 935 3943 necesse
958 3869 1043 3941 esti

405 3994 500 4063 Haec
520 3999 625 4086 igitur
645 4017 766 4065 111111
786 3998 867 4080 tuit,
893 4016 953 4064 cur
974 3999 1022 4064 illl
1045 4000 1283 4067 Iurisconsulti
1304 3993 1397 4065 nostrl

379 4244 406 4310 8)
423 4246 481 4308 Qua
504 4246 537 4297 de
563 4261 591 4297 re
612 4261 692 4311 supra
713 4246 946 4309 culmosos.
