3114 5046
215 330 252 407 s.
280 316 315 391 1.
367 314 429 391 De
453 317 677 393 immania
703 321 977 395 controuersia
1063 317 1126 381 2⁷⁹

62 535 133 582 nam
161 517 368 602 nausierri,
407 515 524 583 durum
553 535 636 584 sane
673 521 707 584 et
739 518 978 584 incommodum
1009 522 1125 585 trans-
1144 516 1276 626 ,55:³31

60 640 173 704 itionis
193 656 305 724 genus
324 638 415 705 haud
436 638 584 706 absurde
607 641 826 706 existimatur.

121 756 251 828 Contra
267 779 451 846 pronomen
472 766 564 848 ipse,
593 762 697 827 uerbo
726 767 960 849 exapperoret
985 761 1125 828 adstru-

60 888 165 969 etun,
187 901 285 969 quum
307 881 362 950 hie
383 886 446 948 ism
468 885 561 950 uuila
582 882 771 950 intercedat
789 901 955 969 personae
975 886 1124 972 mutatio,

59 1002 231 1071 abundare
252 1003 493 1092 quodammodo
521 1022 563 1071 ac
592 1023 676 1070 suno
706 1007 861 1092 iustoque
883 1024 986 1073 sensu
1007 1024 1124 1074 oarere

59 1125 190 1193 dieitur.
968 1172 971 1177 ,

118 1248 241 1335 ltaque
264 1246 441 1315 Enieaioe
463 1249 612 1329 censuit,
642 1267 703 1335 pro
738 1253 814 1337 ipse
841 1249 943 1316 scribi
967 1255 1124 1337 oportere

59 1375 147 1453 iaie,
185 1387 324 1456 umque
352 1367 473 1436 deinde
511 1387 628 1435 uocem
662 1371 760 1436 etiam
796 1372 829 1435 in
866 1371 1122 1458 praecedentem

58 1491 259 1556 senteutiam
283 1495 323 1556 in
346 1496 562 1577 possessione
592 1492 758 1558 bosionem
787 1511 865 1558 corn
893 1497 986 1560 esset
1007 1497 1123 1560 trans-

59 1613 147 1696 poni.
700 1606 703 1611 ’

118 1731 208 1801 iiii-
233 1752 316 1799 uero
342 1730 596 1820 Pantuputime
619 1754 680 1810 pro
702 1741 778 1821 ipre
798 1737 884 1824 legit
904 1740 1023 1802 isium.

117 1853 272 1922 Beeisiur
293 1858 418 1935 sutem,
442 1856 688 1941 interpretandi
710 1856 850 1942 quodam
872 1857 1014 1923 artifieio
1036 1874 1122 1923 eon-

58 1981 187 2056 tenius,
213 1977 262 2042 ita
283 1979 423 2043 retinuit
447 1981 541 2064 ipre,
564 1982 601 2042 ut
621 1977 777 2043 dubitans
802 1976 978 2045 adiiceret:
1010 1979 1121 2044 «Num

58 2098 193 2181 punitur
215 2116 277 2184 pro
299 2096 444 2165 adem?
844 2087 847 2091 ⁴
1095 2109 1097 2112 ’

114 2219 247 2286 Contra
277 2216 494 2310 Schmun,
528 2238 634 2307 paruo
666 2220 796 2307 quidem
832 2223 1009 2288 uerborum
1048 2240 1122 2286 mu-

57 2343 208 2425 tatione,
243 2343 433 2408 uniuersam
466 2342 597 2426 periodi
624 2344 825 2409 sententiam
860 2345 1123 2410 transformanti.

57 2461 189 2549 Quippe
215 2461 321 2529 edidit
342 2467 410 2530 ieie
437 2482 499 2549 pro
522 2468 616 2555 ipse,
653 2484 718 2550 quo
740 2464 833 2531 iuoto
855 2468 996 2549 repente
1017 2465 1122 2531 uerba

57 2592 146 2653 erret
158 2635 170 2674 ,
203 2588 240 2651 et
270 2584 467 2672 poeniteudi
498 2585 646 2652 Aebutio
676 2584 918 2650 subtrahuntur
949 2591 1051 2671 atque
1078 2584 1121 2651 ad

57 2706 235 2775 &minam
256 2706 517 2773 transferuntur.

114 2829 154 2895 ls
175 2830 287 2894 autem
310 2826 435 2910 editor,
464 2847 561 2915 quum
590 2828 667 2916 quid
691 2827 732 2894 de
757 2847 882 2894 summa
903 2829 968 2895 loci
990 2831 1120 2894 ratione

57 2951 215 3035 sentiret,
243 2947 333 3015 haud
362 2951 579 3034 exposuerit,
609 2950 796 3035 uideamus,
827 2969 870 3017 ne
898 2951 948 3016 sio
972 2950 1120 3017 sortasse

56 3088 168 3139 seeum
189 3069 467 3138 considerauerit.

118 3189 218 3276 Quod
240 3193 346 3282 uulgo
369 3193 515 3274 obtinet,
551 3196 630 3279 post
657 3193 762 3260 uerbo
791 3193 937 3259 obtriuit
962 3212 1006 3260 ae
1034 3213 1120 3259 con-

58 3314 150 3380 tudit
171 3315 265 3380 abire
290 3332 311 3379 a
335 3313 482 3380 caecina
503 3315 686 3380 orationem
709 3333 749 3380 ao
765 3313 925 3399 deinceps
941 3313 985 3379 ad
1000 3315 1120 3380 Aebu-

58 3437 347 3523 impertinere,
375 3437 552 3521 abruptam
575 3435 647 3502 iere
669 3437 880 3522 mutilumque
905 3435 1009 3502 efficit
1032 3436 1119 3501 iilum

58 3554 99 3620 de
129 3552 274 3623 Caecina
306 3559 543 3622 narrationem.
601 3554 665 3639 Qui
695 3559 781 3622 enim
809 3559 968 3624 conuenit
990 3556 1120 3644 dicere,

56 3676 232 3744 Caecinam
254 3677 440 3745 aduersarii
462 3680 656 3745 calumniam
678 3679 917 3763 stultitiamque
939 3679 1119 3744 obtriuisse

54 3814 101 3862 uo
121 3798 332 3882 contudisse,
359 3799 402 3866 de
423 3802 505 3866 iuris
526 3819 607 3865 uero
638 3802 768 3865 ratione
790 3804 841 3885 et,
871 3804 908 3862 ui
930 3803 977 3864 ito
998 3799 1118 3885 dicum,

56 3915 107 3979 de
124 3923 236 4007 armis,
257 3922 378 4007 quibus
399 3920 441 3986 ad
464 3939 535 3987 eam
558 3941 627 3987 rem
646 3940 727 3986 usus
741 3922 805 4006 sii,
829 3922 962 4004 penitus
978 3914 1119 3987 tacere?

59 4033 161 4116 Quasi
176 4062 256 4109 uero
272 4042 314 4108 de
330 4042 510 4127 elephanto
526 4047 664 4131 agatur,
680 4060 773 4127 quem
790 4043 931 4128 pedibus
947 4062 1118 4132 pugnasse

60 4164 184 4230 nemine
206 4165 350 4231 docente
373 4166 481 4249 quiuis
503 4165 733 4232 intellecturus
754 4157 814 4230 sii!
