3114 5046
334 379 397 442 ³8⁰
436 375 532 479 Gap.
558 377 593 454 1.
646 374 708 452 De
732 383 818 453 iare
844 400 1005 453 caussae
1031 374 1295 454 Caecbtt‘anne

211 584 293 625 Μ·
398 596 613 643 rosunum.
664 575 792 642 Verum
808 577 898 642 iilud
916 574 1003 643 mibi
1022 596 1162 643 assumo
1180 576 1295 643 omitib

397 698 567 787 probabo,
595 715 731 785 eornm,
764 702 913 787 quinon
937 699 1159 785 possideant,
1182 702 1295 765 esset

398 820 585 910 quosdam,
610 823 688 908 qni,
718 823 859 884 etiami
879 823 1017 885 intrare
1038 818 1190 904 firrtdnm
1213 818 1295 885 nei·

397 938 666 1029 prohibeantur,
711 940 801 1007 stibii
839 939 904 1007 boc
939 941 1127 1007 interdicto
1165 959 1295 1031 assequi

181 641 315 682 matr-etio.

189 1703 284 1743 tenenti
298 1710 320 1743 ·⁸
400 1706 455 1772 Ac
478 1705 537 1771 inii
561 1705 634 1771 iere
655 1703 755 1771 modo

170 1760 320 1812 quarum-ti

400 1068 547 1129 inerint·

400 1180 451 1249 At
471 1178 662 1250 Caecinam
680 1202 750 1249 iton
767 1184 962 1270 possedisse
978 1188 1200 1271 perspicuum
1217 1188 1282 1250 est.

399 1324 486 1393 qaas
523 1308 673 1370 utonem
712 1310 953 1392 proposuimus
986 1303 1160 1397 fictiones,
1204 1309 1291 1372 utra

401 1444 549 1492 natissae
570 1426 866 1492 accommodatior
895 1430 1001 1516 atque
1030 1426 1295 1514 adprobandus

397 1545 543 1632 sicodor
568 1543 668 1613 erit?

771 1703 936 1772 Pisonem
950 1725 1070 1772 reneri
1091 1707 1261 1794 arguisse,
1283 1724 1295 1793 Ι

169 1819 250 1870 ‘'¹⁴'‘
335 1844 393 1891 res
413 1828 487 1912 ipen
506 1827 590 1910 ieri,
613 1830 732 1912 partlm
752 1829 878 1913 aliquot
900 1827 1061 1894 initient
1085 1831 1237 1894 orutinne
1257 1846 1295 1895 ne

338 1950 559 2034 qualicunque
577 1948 675 2014 modo
698 1948 927 2015 demonstrare
955 1948 1111 2015 uidentur
1121 1942 1157 2029 ⁶).
1197 1948 1295 2035 Nequ

373 2263 401 2329 b)
420 2277 443 2315 c.
460 2262 505 2315 ³1.
538 2265 685 2316 «Exoritur
705 2265 749 2315 iric
770 2267 840 2325 iem,

341 2354 464 2404 «obrutis
486 2353 566 2405 rebus
588 2354 711 2405 omnibus
733 2367 764 2407 ec
783 2366 843 2416 per·

341 2444 446 2504 editis,
466 2441 510 2492 iiie
523 2441 662 2502 defensio,
682 2455 743 2493 eum
762 2441 841 2493 deiici

341 2545 458 2595 «posse,
479 2532 603 2592 quitum
623 2530 773 2593 possidett3
794 2534 842 2593 qui

341 2634 417 2671 «non
429 2618 583 2682 possident,
602 2620 673 2670 nnilo
690 2621 769 2671 modo
782 2634 843 2682 poe·

342 2721 461 2759 ese...
491 2708 623 2769 Numero,
652 2722 734 2771 quem
759 2710 841 2759 muita

342 2801 391 2848 «in
419 2800 468 2849 iste
494 2797 649 2850 defensione
677 2797 741 2847 itist
770 2800 841 2859 emt,

341 2886 435 2937 «Piso.
457 2886 496 2937 Ac
511 2890 628 2949 primum
644 2887 709 2937 iliud
723 2887 840 2940 attende.

341 2980 390 3027 ete
404 2979 457 3025 inm
467 2990 498 3027 er
511 2975 554 3025 iiit
568 2979 671 3026 retione
681 2987 738 3026 esse
749 2976 843 3037 depui-

342 3076 441 3122 ssum,
463 3064 536 3127 quod
549 3065 663 3128 negabas
678 3077 841 3127 quemquam

342 3152 444 3202 odeiici
462 3165 557 3216 posse,
574 3156 623 3203 nisi
640 3154 701 3204 inde
720 3153 766 3204 ubi
788 3160 842 3203 tum

342 3254 356 3283 t
365 3248 451 3293 esset:
466 3244 519 3291 inm
529 3254 606 3304 posse
616 3243 741 3295 concedis
751 3257 757 3301 ;
769 3256 842 3302 eum,

341 3333 478 3393 «quinon
497 3330 645 3391 possident,
664 3343 744 3394 nepes
763 3332 842 3382 deiici

342 3431 474 3479 esposse.»
495 3442 525 3451 -
547 3418 607 3468 Moe
625 3423 666 3467 est
684 3419 779 3478 Tullii,
798 3419 844 3469 nd-

340 3508 519 3556 uerssriornm
537 3510 709 3567 argumente,
730 3507 843 3556 ueiidio·

340 3607 369 3643 re
386 3596 555 3655 priesenim,
576 3606 630 3655 quo
643 3592 747 3643 inciiius
767 3595 843 3645 reici-

339 3682 393 3743 int,
413 3684 501 3732 stetim
517 3683 677 3743 sprincipio
696 3681 842 3735 deiormntn

340 3777 366 3821 et
389 3770 586 3833 quodammodo
618 3771 754 3821 debilitato
783 3784 842 3833 pro·

339 3870 450 3921 ponere·
494 3860 587 3922 itique
613 3873 668 3921 quo
689 3862 771 3924 magis
793 3862 843 3911 boc

339 3946 397 3997 ioco
416 3946 535 4009 loborat,
556 3954 587 3997 ut
598 3949 703 3998 Pisonis
722 3950 766 3999 iiin
783 3951 843 3999 Non

336 4036 454 4099 possedit
486 4035 600 4086 Caecina
630 4042 657 4086 et
679 4038 739 4088 Non
763 4039 844 4087 deieci

339 4123 384 4172 sed
413 4123 505 4174 obstiti
528 4124 655 4186 diueiint,
689 4133 734 4185 et,
765 4128 842 4188 quisi

337 4214 481 4274 seperatim
503 4218 645 4277 utrumque
663 4213 727 4267 Piso
752 4221 839 4276 protu·

898 2266 974 2325 ierit,
988 2265 1092 2329 singule
1104 2270 1285 2328 seperstnqne

899 2370 931 2407 eo
951 2355 1125 2406 uerisimIiius
1138 2355 1272 2415 efficitur,
1292 2364 1295 2401 i

899 2444 933 2495 do
949 2446 1092 2494 coniuncte
1109 2443 1189 2495 inisse
1208 2456 1226 2493 ι
1242 2444 1295 2494 rto

899 2532 1072 2591 ottemtrum,
1086 2539 1134 2581 ent
1143 2532 1293 2594 possedisse

899 2623 960 2684 quis
991 2622 1169 2679 detineretur.
1198 2626 1247 2672 ent
1268 2622 1295 2671 in

898 2709 994 2772 samse,
1021 2710 1067 2761 sed
1088 2722 1143 2758 non
1165 2710 1243 2759 mmai
1267 2717 1295 2761 stt

899 2803 1022 2861 exigeret.
1061 2798 1193 2860 Quaeres
1215 2801 1295 2849 etium

898 2890 1003 2938 situtem
1014 2887 1121 2938 uidetur
1133 2887 1219 2936 Tniiio
1232 2890 1295 2951 imp<

900 2983 929 3026 ut
942 2978 968 3026 ln
983 2977 1009 3026 d.
1024 2989 1047 3025 c.
1063 2975 1108 3024 ³1.
1128 2976 1161 3026 ab
1175 2976 1220 3026 tiit
1235 2976 1295 3026 Piso

900 3064 1019 3116 tensione
1047 3067 1136 3115 stetim
1169 3065 1203 3114 ud
1230 3078 1295 3127 poss

900 3157 1082 3216 quaestionem
1096 3155 1229 3203 transiret.
1250 3152 1283 3202 in

900 3243 1036 3293 tractando
1049 3255 1134 3304 quum
1146 3242 1254 3291 Pisonis
1273 3241 1295 3292 di

900 3344 961 3381 nem
993 3332 1034 3381 iris
1069 3330 1159 3382 uerbis
1192 3335 1295 3393 interpr

901 3422 1014 3482 sitaque
1032 3422 1053 3468 si
1075 3433 1123 3482 ego
1143 3423 1192 3468 sim
1217 3432 1236 3467 a
1259 3424 1295 3469 tui

900 3508 972 3558 «bus
986 3508 1121 3567 deiectus,
1136 3508 1240 3558 restitui
1255 3520 1295 3559 nn

901 3603 998 3655 utere,
1036 3598 1060 3645 si
1079 3599 1135 3659 ipse
1158 3597 1196 3645 sis
1222 3593 1293 3659 (scii.

899 3685 1009 3736 nedibus
1042 3682 1176 3748 deiectus)
1214 3698 1295 3747 «opo

899 3774 1060 3833 iucuienter,
1072 3776 1183 3836 opinor,
1198 3786 1295 3836 rpperi

899 3863 1021 3913 distincte
1046 3862 1169 3912 Pisonem
1199 3865 1295 3913 stetnis

899 3965 950 4009 eo,
980 3954 1026 4013 qui
1045 3951 1213 4012 possideret,
1234 3951 1294 4002 nihi

899 4052 975 4098 esse,
1006 4041 1164 4090 detineretur
1193 4053 1226 4090 nn
1259 4054 1295 4103 pr

899 4135 962 4185 tur,
993 4133 1022 4176 ut
1040 4130 1098 4177 sine
1117 4139 1222 4177 summe
1241 4140 1295 4191 neq

898 4217 991 4278 spicue
1007 4229 1038 4267 ec
1053 4216 1195 4268 miniteris
1210 4216 1295 4269 etium
