3114 5046
330 382 388 444 146
442 377 1304 478 Gop.1.1tetureoooaoooutnutaooe.

171 578 281 675 sp:-
245 578 267 619 ¹¹
281 581 308 618 ὠ
389 569 481 637 Eece
500 571 606 663 igitur
626 572 766 636 alterum
789 574 991 656 exemplum,
1021 571 1094 656 ubi,
1126 567 1267 654 perinde
1288 572 1377 653 atqui

169 692 249 746 ΡΜ
268 646 307 687 Γ
326 694 360 756 in
392 689 540 773 Quinctii
572 710 694 759 caussa
726 695 920 775 statuimus,
956 691 1044 777 quod
1074 694 1109 757 ln
1141 692 1215 756 iure
1247 687 1377 755 dicendi

328 812 469 878 Praetor
504 811 679 897 decreuit,
721 814 928 879 tribunorum
967 814 1076 899 plebis
1113 809 1377 897 appellandoruu

325 952 478 1000 caussam
500 936 606 1020 lisque
628 935 857 1024 cognoscendi
880 937 1049 1013 materiam
1076 934 1248 1018 praebuit,
1286 934 1377 1016 ipsun

325 1074 421 1142 uero,
455 1055 544 1141 quod
574 1056 768 1141 petebatur,
805 1057 962 1121 auxilium
994 1056 1125 1120 nonnisi
1154 1055 1302 1119 futuram
1326 1053 1377 1117 uir

325 1179 471 1262 imperii,
492 1179 573 1242 iuris
596 1187 630 1243 et
653 1177 778 1245 decreti
796 1175 1000 1263 exsequendi
1016 1173 1292 1260 coercendaeque
1307 1191 1377 1240 oon·

326 1301 490 1365 tumaciae
512 1317 634 1364 caussa
655 1298 894 1383 adhibendam,
916 1301 1073 1384 spectare
1096 1294 1215 1382 potuit.

175 1480 307 1573 „,⁰⁰‚‘⁰¹{‘‚’
389 1477 458 1540 Iam
487 1495 584 1560 quum
614 1478 825 1560 perspicuum
855 1478 920 1563 sit,
956 1495 1021 1561 quo
1051 1473 1168 1539 ordine
1195 1476 1231 1538 et
1253 1472 1377 1539 ellectu

174 1600 273 1688 '⁰¹23‘
287 1606 307 1629 ¹·
327 1614 391 1680 qua
421 1594 563 1681 denique
594 1599 750 1662 uniuersa
778 1599 909 1662 ratione
940 1597 1149 1662 tribunicium
1179 1592 1262 1660 illud
1292 1594 1377 1659 auxi

326 1718 421 1803 llum,
443 1716 532 1803 quod
553 1718 700 1784 Alienus
720 1719 917 1804 implorasse
939 1717 1077 1804 dicitur,
1099 1735 1142 1781 ex
1164 1717 1245 1779 iuris
1269 1715 1377 1800 public

327 1840 514 1924 priuatique
544 1839 651 1905 forma
681 1840 799 1925 iuerit3
832 1841 983 1923 sequitur
1011 1842 1048 1901 ut
1078 1837 1272 1915 uideamus,
1308 1853 1377 1921 quat

326 1957 368 2025 de
390 1961 455 2024 ista
478 1961 683 2025 tribunorum
706 1960 933 2045 appellatione
955 1962 989 2022 in
1004 1977 1125 2025 caussa
1140 1954 1290 2039 Quinctii
1304 1959 1377 2022 inte}

325 2081 520 2146 Ciceronem
544 2088 577 2146 et
599 2082 834 2164 Hortensium,
855 2081 974 2146 Naeuii
996 2084 1184 2166 patronum,
1205 2081 1240 2142 in
1263 2083 1377 2144 utram

327 2220 390 2287 que
411 2204 540 2286 partem
565 2201 737 2288 disputata
762 2204 841 2267 sint.

388 2378 533 2451 Primum
556 2383 625 2464 est,
658 2377 746 2464 quod
769 2379 970 2444 Hortensius
995 2380 1105 2443 fertur
1131 2396 1297 2464 negasse,
1329 2377 1377 2441 tri·

329 2503 459 2568 baniolo
481 2503 626 2587 auxilio,
647 2507 790 2568 etiamst
810 2502 923 2567 lottcm
944 2505 1037 2567 esset
1049 2497 1179 2584 Alfeno
1187 2548 1197 2588 ,
1220 2498 1310 2565 efflei
1329 2516 1377 2584 po

327 2626 449 2704 tuisse,
472 2626 646 2717 quominus
669 2624 757 2688 bona
779 2621 925 2705 Quinctii
941 2640 985 2688 ex
1002 2620 1124 2686 Edicto
1141 2638 1303 2703 possessa
1317 2638 1377 2684 ess

327 2745 538 2809 uiderentur:
574 2746 722 2807 nimirum
752 2746 806 2829 qui
835 2744 1052 2826 commiserit,
1087 2745 1123 2805 ut
1150 2742 1239 2805 bona
1267 2758 1329 2805 sua
1351 2757 1377 2804 e:

328 2865 450 2930 Edicto
473 2886 494 2929 a
517 2865 679 2929 Praetore
702 2863 865 2948 possideri
889 2864 1098 2947 laberentur,
1123 2864 1170 2926 ita
1192 2863 1301 2927 solum
1323 2864 1377 2926 eiu

327 2989 408 3049 iuris
430 2987 552 3051 ellectu
574 2987 790 3069 molestiaque
812 2987 898 3049 solui
920 3003 961 3050 ao
984 2985 1116 3049 liberari
1140 3002 1261 3069 posse,
1286 2985 1315 3047 si
1337 3001 1377 3047 an

319 3110 400 3191 'ipse
415 3127 453 3172 se
471 3112 530 3171 nui
553 3112 752 3191 procurator
775 3107 913 3189 iudicio,
935 3107 982 3168 uti
1005 3107 1196 3190 oporteret,
1217 3102 1377 3171 delendis

327 3421 484 3483 exceptione
511 3421 667 3484 impeditam
695 3420 831 3470 actionem
887 3420 921 3469 lir
939 3419 1060 3482 expediri
1079 3424 1181 3481 posset.
1199 3443 1230 3455 -
1250 3420 1377 3483 Quoiaat

328 3521 410 3572 quam
441 3522 538 3571 puram
568 3509 830 3571 plenissimamque,
888 3508 960 3556 idem
979 3519 1045 3556 une
1066 3509 1152 3556 exitur
1176 3511 1338 3571 apparebit,
1365 3523 1377 3560 a

328 3597 376 3645 aed
406 3609 475 3659 quaa
506 3597 675 3646 tribunorum
703 3597 831 3646 intercer-
887 3596 911 3644 ri
928 3595 1098 3643 tribunorum
1116 3597 1193 3644 iussu
1211 3597 1258 3646 uel
1279 3599 1314 3647 ob
1331 3602 1377 3662 ipe

328 3685 405 3733 sione
422 3686 496 3733 irrita
514 3685 684 3739 redderetur,
705 3685 830 3747 impetra·
887 3683 1002 3731 tribunis
1010 3686 1127 3744 ereeptto
1134 3683 1316 3736 odditoeaset.
1326 3688 1377 3750 Qui

327 3784 368 3821 re.
396 3797 424 3807 -
454 3773 525 3832 Quid
549 3773 583 3821 ad
608 3773 674 3821 baec
699 3772 831 3821 Praetori
887 3771 970 3832 igitur
988 3773 1103 3831 mirum,
1124 3772 1170 3822 ubi
1188 3774 1228 3823 rei
1247 3776 1291 3824 uis
1310 3789 1377 3838 mag

329 3859 407 3908 llaud
426 3860 587 3909 obstinatior
604 3860 650 3909 ille
669 3873 750 3922 quam
773 3862 829 3924 ipse
886 3864 913 3907 et
943 3858 1056 3908 euectus
1091 3873 1175 3923 quarn
1207 3863 1276 3912 iuris
1306 3865 1377 3927 apici

328 3952 418 4003 actor,
440 3954 519 4009 puto,
538 3949 708 3997 tribunorum
722 3948 830 3997 decreto
886 3954 1058 4010 spectentur,
1085 3949 1211 4000 tribunos
1236 3951 1276 4014 pl.
1297 3953 1377 4002 dieii

328 4040 356 4083 at
372 4036 524 4084 auctoritati
543 4037 672 4094 cesserit,
697 4036 831 4098 arreptio-
886 4036 1033 4088 iormulam
1058 4036 1163 4098 aliquid
1188 4045 1237 4090 aut
1258 4041 1377 4092 addiditt

330 4136 392 4172 nem
419 4123 494 4172 illam
520 4121 657 4184 (tartara)
679 4136 711 4172 er
734 4136 830 4173 eorum
886 4131 933 4174 aut
952 4140 1008 4177 oon
1025 4128 1186 4179 addidisset

328 4213 461 4260 uolentia
484 4211 634 4270 addiderit,
665 4225 720 4274 quo
742 4214 830 4273 nagia
