3114 5046
176 338 211 415 5·
229 328 272 403 8·
299 327 360 402 A'·
378 327 443 416 Οἱ
461 329 651 405 absentem
666 339 769 404 reete
785 327 995 429 defenderit
1011 352 1137 404 aeone.
1178 331 1237 393 165

176 518 405 603 abruptasque
427 518 585 604 quasdam
606 521 793 585 sententias
815 519 961 603 Tuiiius,
983 521 1142 586 communi
1165 537 1238 584 ma·
1257 524 1390 635 ,33:2²2ss

175 640 227 727 gis
265 639 432 705 hominum
460 644 581 706 notitia
608 660 649 708 ae
679 645 882 708 necessitate
914 644 1053 706 coaetus
1086 660 1182 727 quam
1218 640 1347 737 effi

175 778 317 825 caussae
333 762 516 848 commodo,
537 762 591 828 irie
609 766 675 829 iilic
687 758 917 850 adspersum),
940 761 1019 848 quid
1036 767 1153 827 eontra
1173 781 1238 846 pu-

175 883 318 947 tabimus
353 883 527 948 Hortensii
561 884 757 950 defensione
793 886 928 949 uberius
959 875 1097 950 tuisse?
1141 903 1237 967 quum

175 1006 379 1069 narrationis
407 998 564 1090 copiam?
599 1026 695 1091 quam
719 996 1031 1090 amplificationem?
1061 1024 1155 1090 quam
1181 1005 1237 1068 in-

174 1123 401 1213 dignationem
413 1117 433 1190 ’ἒ

233 1284 355 1370 Neque
392 1285 445 1351 hie
482 1288 657 1373 substitit,
691 1290 832 1373 opinor,
868 1286 1040 1350 Hortensi!
1074 1285 1235 1351 defensio.

173 1405 350 1492 Negabat,
393 1408 426 1470 ni
456 1406 572 1490 iaiior,
608 1410 760 1473 tribunos
795 1409 855 1493 pi,
891 1426 1083 1493 quamquam
1121 1407 1237 1472 Aifeni

175 1524 388 1612 Quinctiique
411 1547 506 1613 quam
530 1530 610 1594 iuris
631 1529 869 1612 studiosiores,
892 1531 1022 1592 omnino
1046 1529 1140 1613 pensi
1163 1547 1237 1592 mo-

175 1647 325 1713 deratiue
340 1647 421 1712 nihii
444 1648 617 1735 habuisse,
640 1653 734 1714 immo
757 1649 975 1734 componendi
999 1651 1105 1737 magis
1128 1652 1235 1714 animo

176 1789 266 1854 quam
298 1771 377 1833 iusti
406 1772 520 1835 auxilii
549 1770 678 1837 ferendi
707 1772 832 1837 Alfeno
864 1790 997 1856 operam
1020 1772 1235 1859 praebuisse,

176 1891 202 1955 id
224 1891 335 1956 solum
360 1893 493 1979 egisse,
525 1896 561 1957 ut
589 1893 737 1958 uenditio
770 1895 947 1978 bonorum,
980 1911 1064 1978 quae
1086 1894 1235 1976 proxime

176 2015 334 2098 instaret,
360 2014 561 2100 aliquamdiu
582 2017 825 2098 sustineretur,
860 2011 1016 2095 Quinctio
1038 2015 1169 2079 absenti
1191 2013 1235 2079 ad

174 2134 407 2200 reuertendum
441 2155 545 2221 seque
580 2134 825 2201 defendendum
862 2139 992 2220 tempus
1025 2138 1060 2200 et
1092 2138 1235 2219 spatium

175 2255 328 2343 daretur;
349 2262 385 2322 at
406 2256 491 2322 adeo
512 2260 644 2347 gratiae
667 2276 735 2321 non
757 2260 981 2340 concessisse,
1003 2260 1041 2321 ut
1063 2259 1114 2321 ius
1129 2259 1234 2342 ipsum

175 2380 416 2464 possessionis,
443 2380 541 2464 quaie
570 2398 613 2444 ex
641 2377 762 2443 Edicto
793 2381 883 2442 esset
911 2380 984 2443 siue
1011 2381 1074 2442 iam
1099 2381 1234 2464 quaesi-

174 2504 234 2564 tum
265 2503 342 2563 siue
372 2503 531 2584 temporis
560 2501 656 2585 lapsu
691 2499 865 2563 etiamdum
896 2497 1118 2582 quaerendum
1149 2519 1234 2584 sup-

173 2616 462 2706 utendumqueitt,
483 2627 540 2686 aut
562 2621 728 2685 infirmare
752 2623 855 2683 totum
878 2623 978 2704 atque
1001 2624 1154 2684 euertere
1175 2624 1234 2684 aut

174 2743 302 2806 omnino
340 2742 429 2806 ultra
463 2742 665 2807 uenditionis
700 2742 787 2805 iiiam
821 2740 1011 2806 dilationem
1043 2743 1233 2807 imminuere

173 2864 313 2927 uellent:
344 2860 504 2947 denique,
531 2865 615 2927 siin
641 2865 741 2928 breue
763 2863 847 2928 haee
869 2865 1066 2943 contuleris,
1093 2861 1249 2927 demon-‘

173 2984 302 3048 strabat
324 2982 541 3066 Hortensius,
577 3004 712 3049 morem
742 2982 896 3065 Quinctio
927 2986 1077 3049 tribunos
1106 2986 1149 3068 pi.
1179 2987 1233 3047 in-

173 3103 329 3190 dulsisse,
351 3109 482 3170 iustum
502 3107 676 3172 auxilium
702 3125 769 3170 non
792 3107 926 3191 tulisse,
958 3125 1065 3191 neque
1093 3106 1233 3170 ulterius

175 3224 348 3307 Alienum,
371 3245 468 3312 quum
489 3245 549 3291 eos
570 3227 771 3311 appellaret,
794 3229 855 3290 nisi
871 3245 932 3311 per
946 3245 1101 3292 summam
1116 3244 1233 3320 ameri-

177 3347 262 3434 tian,
285 3364 426 3432 sperare
449 3349 622 3432 quiequam
646 3343 853 3433 potuisse⁴⁵).

209 3627 249 3691 ta)
269 3631 339 3681 Vide
358 3631 417 3681 ioea
448 3646 529 3696 supra
557 3635 673 3696 allegata
764 3630 810 3696 45)
832 3633 1025 3696 Praeterquam
1050 3634 1121 3696 quod
1152 3647 1232 3697 supra

185 3712 244 3775 iffi.
264 3725 334 3768 uuit.
354 3720 467 3770 ess-at.
489 3736 515 3784 p.
535 3723 595 3772 126.
617 3736 673 3785 seq.
732 3737 758 3785 p.
787 3723 848 3771 159.
874 3727 929 3770 not·
955 3721 999 3770 31.
1029 3723 1232 3782 demonstrem,

212 3805 250 3868 it)
279 3806 462 3857 conferantur
479 3823 548 3873 quae
569 3817 622 3860 tam
641 3812 674 3861 de
732 3811 776 3859 hie
795 3810 837 3860 uei
857 3810 974 3858 maxime
1000 3810 1138 3860 Hortensii
1158 3810 1233 3859 iocus

187 3896 309 3942 communi
338 3897 398 3945 iure
421 3911 502 3961 quam
530 3900 564 3948 de
587 3898 675 3949 iorma
732 3911 792 3948 esse
811 3897 933 3957 videtur,
957 3898 1033 3947 euius
1053 3899 1233 3960 redarguendi

191 3983 302 4043 aasuecie
314 3982 396 4034 huius
409 3999 521 4036 caussae
534 3988 676 4038 docuimus
733 3999 829 4037 caussa
859 3985 954 4036 Cicero
986 3987 1014 4035 iu
1041 4000 1064 4035 o.
1093 3987 1137 4038 20.
1166 3992 1231 4036 extr.

193 4080 255 4129 suoru
264 4070 290 4135 q.
300 4076 326 4124 3.
338 4077 416 4138 μη.
427 4075 455 4139 5.
464 4079 491 4128 4,
503 4093 529 4143 p.
540 4079 585 4130 82.
597 4094 673 4145 seqq.
732 4075 823 4125 uerbis
843 4073 896 4122 iiiia
915 4075 1012 4124 utitur:
1042 4089 1055 4120 o
1066 4075 1136 4137 Quid
1153 4075 1176 4123 si
1195 4075 1231 4125 iii·

198 4153 251 4212 t-i·
270 4180 293 4226 ρ.
313 4167 372 4216 123.
394 4180 471 4230 seqq.
733 4165 849 4213 «Brutus
880 4163 1089 4213 intercessurum
1117 4176 1146 4212 se
1170 4163 1234 4212 dixit
