3114 5046
801 929 838 1018 ς.
860 931 895 1000 t.

391 1093 445 1161 lie
466 1092 611 1161 Aebutii
631 1093 832 1180 defunctorie
852 1091 937 1161 Non
956 1093 1067 1161 deieci
1087 1094 1151 1160 red
1170 1070 1305 1160 occure

379 1254 456 1320 Non
479 1252 628 1338 possedit
651 1249 823 1341 Caecina,
851 1251 913 1319 sed
940 1255 974 1318 in
1002 1252 1156 1319 iudicium
1178 1271 1247 1317 non
1271 1251 1376 1336 nerdt,

316 1372 504 1461 possederit
525 1392 643 1441 necne.
685 1369 790 1441 Seiue
818 1376 922 1463 igitur
950 1377 1139 1443 etiamnunc
1161 1391 1287 1441 caused
1308 1374 1376 1439 einr

317 1514 393 1561 cese
415 1498 539 1581 potest
581 1492 668 1576 Quid
696 1499 826 1582 eutem,
857 1495 945 1581 quod
972 1498 1133 1562 acerrime
1161 1493 1376 1561 contendisse

318 1613 484 1684 fflorrern
504 1620 662 1703 apparet,
683 1612 894 1706 Caecinam,
922 1635 1019 1701 quum
1041 1617 1105 1680 uin
1127 1616 1217 1681 iiiarn
1241 1617 1376 1699 petere·

317 1743 390 1822 tur,
410 1742 449 1803 in
467 1735 578 1823 ficrrdo
600 1757 671 1804 reon
689 1735 801 1823 fidere
808 1759 820 1824 3
849 1739 984 1802 muitum
1005 1738 1186 1823 interesse,
1214 1739 1376 1803 citctairtr

316 1858 443 1947 aliquis
463 1860 556 1925 eride
578 1865 687 1950 erret,
719 1878 763 1925 an
790 1860 956 1926 accedere
977 1865 1013 1924 ei
1034 1863 1171 1923 narare
1190 1855 1376 1944 prohibea-

317 1985 395 2066 tur3
428 2000 495 2045 non
525 1979 631 2046 uideri
652 1981 823 2048 deiectum
844 1982 899 2066 qui
928 1979 1114 2064 prohibitus
1141 1979 1203 2064 sit,
1238 1976 1376 2063 denique

317 2101 380 2167 nisi
404 2103 458 2187 qui
481 2101 631 2168 deiectus
651 2120 732 2167 uere
760 2101 824 2169 dici
852 2102 974 2186 possit,
1005 2101 1126 2166 nemini
1153 2103 1376 2183 comparatu!

316 2223 479 2290 essehoc
501 2221 712 2290 interdictum
722 2214 780 2300 ¹)‘i

253 2383 300 2482 ᾖ
380 2382 479 2448 Hanc
501 2380 731 2449 defensionem
755 2381 892 2448 dicitius
919 2384 967 2447 iic
995 2401 1055 2467 pro
1084 2382 1196 2448 ieiune
1216 2380 1376 2448 ceinnrnir

317 2505 534 2590 improbaque
560 2504 737 2570 uerborum
759 2505 974 2570 cauillatione
1003 2505 1191 2593 exagitarit
1222 2507 1258 2568 et
1289 2520 1376 2567 eun-

318 2642 453 2709 mopere
473 2643 512 2689 se
534 2628 748 2691 contemnere
770 2624 943 2710 professus
965 2627 1032 2711 cst,
1053 2628 1090 2689 ut
1112 2623 1249 2713 dignam
1272 2627 1376 2690 temen

316 2744 500 2832 iudicaret,
536 2747 569 2809 in
600 2766 664 2831 qua
694 2744 879 2811 refellenda
911 2744 1076 2811 dimidiam
1111 2745 1186 2811 iere
1221 2745 1376 2812 cretionir

318 2871 445 2953 partem
466 2861 717 2953 impenderet2).

379 3026 495 3092 Fidem
516 3026 598 3092 feeit
619 3026 845 3110 nostratibus,
867 3027 977 3091 mirari
998 3027 1127 3111 soient,
1154 3028 1222 3090 ten
1246 3027 1376 3115 iongun

318 3147 478 3215 hocloco
500 3152 665 3213 oratorem
687 3147 803 3213 fuisse.
849 3147 940 3213 Nihil
959 3165 1133 3234 repugno,
1161 3147 1285 3213 falsam
1308 3164 1376 3213 eene

317 3271 415 3336 istem
436 3267 680 3351 defensionem,
711 3272 740 3334 si
762 3270 804 3333 de
827 3288 867 3334 eo
893 3270 965 3334 iure
992 3272 1191 3353 quaeretur,
1227 3288 1294 3354 quo
1315 3286 1376 3334 non

352 3496 379 3562 1)
399 3499 465 3551 Vide
484 3511 507 3548 c.
526 3497 632 3557 11,31.
662 3512 686 3548 c.
704 3499 753 3559 13,
773 3500 817 3550 34.
876 3500 940 3550 dicti
965 3502 1078 3563 partium
1105 3506 1133 3550 et
1154 3503 1336 3562 conceptione
1356 3504 1376 3549 et

317 3594 383 3638 extr.
403 3599 426 3636 c.
439 3587 488 3647 14,
502 3586 546 3638 39.
568 3600 591 3637 c.
606 3588 655 3645 17,
671 3587 716 3637 49.
737 3601 760 3638 e.
772 3589 817 3649 23,
874 3588 1031 3647 inteiieetn‚
1068 3587 1102 3638 de
1128 3589 1376 3640 iurisconsultorum

316 3674 359 3725 64.
381 3675 425 3725 dii.
874 3679 1032 3727 auctoritate
1045 3682 1071 3728 ei
1082 3678 1115 3728 de
1129 3680 1196 3728 iuris
1208 3679 1299 3728 ciuiiis
1308 3690 1376 3741 pree·

352 3761 381 3829 2)
392 3765 502 3818 Praeter
513 3766 570 3816 ioca
582 3765 661 3816 modo
675 3769 702 3815 in
716 3772 777 3815 note
789 3768 815 3815 1.
874 3768 988 3825 stantia,
1007 3766 1041 3817 de
1055 3768 1173 3829 genuine
1186 3779 1311 3830 ueroque
1324 3779 1376 3817 een

316 3856 395 3905 niiete
415 3856 467 3905 huc
478 3857 612 3917 pertinent
631 3857 710 3905 etiem
730 3867 752 3904 c.
771 3853 815 3914 13,
873 3868 904 3903 ru
926 3854 1120 3905 uocabulorum
1142 3855 1224 3906 iinnrr
1248 3863 1276 3907 et
1296 3857 1376 3906 reti

315 3941 522 4002 ³8.c.1·1,5o.
544 3941 813 3996 cie-eentt-
874 3957 900 4005 q.
920 3957 945 4005 g.
966 3957 990 3992 a.
1017 3942 1207 4004 disputentur,
1239 3958 1272 3997 ea
1295 3944 1376 3996 omnir

316 4031 347 4079 31
359 4066 367 4088 ,
379 4031 424 4080 iiii.
443 4031 509 4081 Nem
527 4035 606 4083 etiem
621 4044 691 4094 quae
711 4032 744 4081 de
761 4045 817 4079 ren-
874 4034 958 4092 ipsum
972 4031 1040 4081 hene
1060 4031 1167 4081 Pisonis
1185 4033 1376 4088 deiensionen.

315 4121 400 4170 rencia
412 4125 459 4168 eut
470 4120 558 4169 uerbis
571 4122 597 4168 in
617 4119 816 4181 interpretando
874 4123 900 4169 in
915 4132 968 4180 que
983 4133 1055 4170 nunc
1068 4133 1230 4180 uerstmur.
1250 4127 1377 4186 spectent.

314 4208 477 4271 sequendis,
497 4207 530 4257 de
550 4208 715 4271 reiiqurrum
736 4210 816 4258 inter·
