3114 5046
169 562 199 600 ln

171 631 202 655 m!

340 360 404 422 666
466 356 562 457 Gap.
590 358 624 430 l.
679 355 738 452 Dp
765 362 849 431 iure
875 381 1036 432 eausam
1066 355 1284 433 Tullianae.

204 526 321 655 'spano
339 549 458 616 dolum
478 550 590 615 inesse
610 547 770 635 quosdam
788 550 1048 631 existimauisse,
1070 551 1106 613 ot
1129 548 1218 615 adeo
1242 554 1399 638 negarent

339 675 501 756 rapuisse
530 689 620 755 eum,
659 672 713 756 qui
736 670 831 741 ,forte
859 690 926 737 rem
955 690 1057 737 soram
1086 671 1267 758 abaliquo
1289 673 1324 734 oi
1343 670 1400 737 ai·

339 792 490 863 stolissei
498 787 535 865 ⁵).

402 948 697 1017 verumenimuero
737 954 812 1036 quis
842 958 894 1017 est
931 951 1077 1039 Uipia-ni
1106 952 1163 1019 hie
1191 950 1402 1018 aduersarios

338 1077 441 1158 atque
462 1077 584 1140 auctor
605 1075 745 1138 alterius
768 1074 988 1160 diuersaeqoe
1010 1066 1217 1141 doetrinae?

401 1193 529 1279 Nempe
550 1196 723 1280 inscriptio
741 1196 772 1259 d.
788 1196 893 1284 begis
913 1194 944 1257 4.
968 1197 1115 1262 euridem
1135 1194 1333 1280 Ulpianum
1347 1196 1401 1262 de-

212 1294 214 1299 ·
338 1320 518 1402 monstrat,
548 1316 754 1402 eundemque
780 1316 924 1401 Ulpiani
945 1318 1070 1384 librum
1091 1317 1142 1379 56.
1164 1319 1216 1383 ad
1237 1319 1400 1385 lidicinm

337 1440 507 1521 eontinet,
529 1457 571 1504 ex
595 1458 660 1524 quo
684 1437 715 1503 d.
736 1440 776 1504 li·
798 1437 829 1500 2.
853 1458 926 1506 eom
949 1442 1052 1524 priori
1074 1440 1147 1522 iiia,
1176 1458 1278 1525 qoam
1309 1445 1400 1506 anteo

338 1561 590 1646 proposuimus,
612 1560 724 1626 iudicii
745 1563 877 1626 ratione
899 1560 1020 1626 hausta
1042 1579 1118 1627 esse
1140 1560 1333 1627 uidebatur.

400 1681 522 1765 Itaque
545 1675 793 1770 Houchisius⁶i,
817 1701 914 1766 quum
933 1684 967 1745 in
989 1684 1129 1746 animum
1152 1681 1320 1749 inducere
1340 1702 1397 1747 non

338 1806 471 1887 posset,
500 1801 586 1867 adeo
619 1800 808 1890 Ulpianum
839 1808 987 1868 nostrum
1016 1804 1051 1868 in
1080 1802 1199 1869 eodem
1228 1804 1318 1871 iibro
1345 1805 1396 1870 sibi

336 1941 546 2011 repugnare,
568 1925 722 2014 negauit,
751 1925 874 2006 omnia,
904 1926 1046 2009 quaein
1069 1924 1101 1990 d.
1123 1919 1150 1998 §.
1172 1923 1204 1987 6.
1228 1924 1397 2011 disputan·

336 2049 409 2131 tur,
431 2046 474 2112 ab
500 2043 651 2132 Ulpiano
673 2046 829 2130 proiecta
850 2064 937 2111 esse.
991 2043 1096 2128 Quem
1129 2048 1176 2110 ita
1199 2065 1344 2132 sequor,
1369 2051 1397 2109 ot

338 2166 529 2251 coniiciam,
553 2184 638 2251 quae
660 2167 694 2229 in
717 2164 748 2230 d.
771 2161 797 2239 §.
818 2165 848 2228 6.
872 2169 1087 2233 inueniuntur
1107 2170 1284 2234 contraria
1304 2167 1397 2233 iiiii

338 2286 388 2369 2.,
409 2293 468 2352 aut
489 2288 533 2353 ab
554 2289 621 2351 alio
644 2287 887 2354 Iurisconsuito
910 2307 987 2354 esse
1009 2291 1152 2374 scripta,
1175 2295 1246 2354 ium
1261 2292 1299 2355 in
1316 2308 1396 2357 coro·

340 2409 506 2494 ponendis
527 2409 681 2499 Digestis
703 2407 780 2481 huic
803 2405 827 2482 §.
851 2408 880 2471 6.
903 2391 1050 2492 inserto,
1078 2413 1136 2475 aut
1165 2410 1211 2476 ab
1233 2411 1313 2495 ipro
1333 2411 1395 2498 qui·

340 2529 414 2597 dem
441 2528 591 2616 Ulpiano
620 2549 664 2595 ex
691 2533 757 2595 aiio
785 2505 954 2596 cuiusdam
983 2532 1220 2597 Iurisconsulti
1243 2533 1331 2598 libro
1351 2549 1395 2597 re·

339 2654 426 2733 iaia,
448 2650 507 2716 sod
527 2651 731 2736 excerpendi
753 2654 884 2717 ratione
906 2654 940 2716 in
962 2654 1132 2737 propriam
1158 2649 1308 2730 Ulpiani
1328 2671 1394 2719 sen·

339 2777 477 2837 tentiam
501 2793 667 2839 conuersa
690 2792 778 2839 esse.
817 2774 969 2859 lienique
991 2792 1034 2838 ne
1056 2793 1129 2838 eum
1152 2774 1288 2858 quidem
1312 2778 1394 2861 piane

340 2895 557 2961 deridendum
584 2914 659 2960 esse
680 2897 841 2978 arbiiror,
864 2897 918 2980 qui
941 2897 990 2960 sic
1013 2897 1278 2982 existimauerit,
1305 2900 1392 2982 ipson

343 3016 533 3104 Ulpianum
555 3019 614 3081 tali
640 3016 780 3102 quodam
809 3015 906 3080 modo
932 3018 1128 3100 resiliisse,
1154 3021 1212 3100 ui,
1235 3020 1265 3082 si
1288 3016 1390 3105 integri

339 3141 411 3203 eius
433 3140 507 3204 iibri
531 3140 630 3222 eopia
652 3143 759 3223 esset,
781 3139 882 3203 muita
906 3139 1053 3203 fortasse
1078 3140 1184 3204 minus
1206 3142 1389 3206 miraremur.

403 3299 485 3381 Ipsa
506 3300 634 3380 autem,
664 3316 760 3381 quam
790 3296 1033 3381 demonstraui,
1066 3296 1120 3362 dd.
1143 3297 1387 3387 fragmentorum

340 3417 505 3483 dissensio
529 3437 571 3483 ne
594 3420 723 3483 nimiam
752 3417 875 3483 habeat
904 3418 1139 3504 offensionem,
1168 3423 1295 3506 optime
1321 3435 1385 3485 eon·

340 3540 503 3625 suiemus,
530 3541 558 3603 si
591 3542 797 3624 propositum
827 3537 981 3604 Edictum
1013 3540 1205 3628 agendique
1236 3541 1382 3606 iormuim

340 3679 413 3726 eorm
440 3658 585 3747 Ulpiani
607 3661 903 3746 interpretatione,
926 3679 1011 3744 quae
1034 3664 1067 3724 in
1091 3661 1123 3724 d.
1144 3662 1182 3726 ir.
1205 3661 1234 3723 2.
1254 3662 1376 3727 habetor.

376 3928 404 3987 5)
423 3928 846 3990 ninilquooomemsmootmue·
904 3933 929 3979 ιιι
958 3926 1172 3991 mersans.
1202 3927 1280 3976 naa.
1305 3925 1325 3970 ι.
1337 3917 1362 3963 ii
1433 3932 1438 3975 .·

341 4019 414 4064 nitur
431 4021 458 4065 in
477 4016 522 4066 dd.
545 4017 575 4065 L.
596 4018 622 4065 2.
642 4016 671 4080 6.
686 4018 730 4067 18.
748 4019 775 4067 Ιι,
788 4027 807 4066 t.
819 4025 845 4067 ei.
903 4016 931 4079 §-
944 4019 972 4066 7.
997 4018 1027 4066 L.
1037 4018 1080 4065 50.
1095 4014 1124 4077 5.
1136 4016 1160 4063 2.
1182 4016 1218 4061 iio
1231 4014 1302 4061 sortis.
1424 4024 1438 4093 ¹³¹

342 4101 753 4169 §.ai.h.t.(sop.nor.1·2.)
791 4107 843 4156 seo
936 4108 963 4155 m
982 4103 1140 4164 ιιμιιιι.
1434 4086 1437 4093 ‘

341 4195 478 4242 inuenitur
499 4194 526 4239 in
548 4192 617 4240 iurto
640 4201 741 4248 tamen.
760 4195 843 4244 neinti
