3112 5056
197 615 287 653 enm

197 670 242 708 rot.
254 670 291 709 ΙΙΙ.

325 431 389 495 eet
517 411 614 514 cap.
631 412 692 487 11.
735 410 798 487 De
823 418 1016 488 uometuie
1041 414 1220 487 territae

326 591 450 665 tete⁵⁵i
479 596 662 660 uicinorum
692 594 834 682 corrigit
855 596 891 659 et
911 591 1002 678 quod
1022 588 1288 664 stomachum-“i
1305 612 1385 658 sun

326 715 447 780 denno
468 715 558 780 initi
578 711 773 799 expiereff)
794 716 939 781 cousins
960 716 1024 780 est.
1242 719 1245 723 ’

392 836 443 901 iti.
464 837 531 902 Est
553 839 588 901 in
610 856 651 902 eo
672 855 758 926 egro
778 837 950 922 centurie,
965 853 1051 921 quse
1067 831 1315 921 Populim⁹i
1335 854 1388 900 no-

327 959 489 1043 minetur,
515 958 796 1043 lieeipmtorcs‚
824 951 972 1042 qune⁵⁹i
986 974 1121 1041 semper
1142 955 1196 1021 Μ,
1217 956 1311 1022 ΤιΙΙΙ
1329 958 1390 1042 Η),

328 1098 424 1164 qnam
447 1081 546 1145 etiem
568 1082 667 1164 pater
688 1072 945 1163 possederctw)
964 1115 1353 1132 -----------
1356 1075 1390 1149 61)

328 1203 440 1285 posite
468 1219 545 1266 csse
573 1203 608 1265 et
629 1198 672 1266 ed
700 1198 837 1264 inndtm
860 1200 933 1264 eius
954 1201 1148 1284 conuenire.
1184 1200 1243 1267 iic
1266 1204 1391 1284 prinu·

327 1321 416 1407 qnod
438 1340 511 1387 eun
533 1324 650 1410 negoti
673 1322 778 1386 totins
792 1323 828 1386 et
843 1321 1020 1405 emptionis
1038 1339 1122 1396 sune
1137 1318 1392 1406 poenitente,

327 1442 464 1508 tundnm
494 1443 715 1528 proscripsit3
741 1461 814 1507 eum
842 1446 953 1507 entem
982 1446 1126 1526 emptum
1155 1441 1311 1509 nebeim
1331 1461 1393 1510 cu

325 1566 419 1629 socio
440 1561 502 1630 Cn.
525 1563 715 1631 Acerronio
737 1564 809 1629 uiro
832 1568 963 1649 optimo
981 1599 1351 1618 ···········
1358 1560 1393 1634 ⁸¹)

392 1685 440 1748 17.
471 1686 602 1750 modum
631 1686 882 1771 proscripsisse.
919 1686 1095 1751 Hominem
1120 1687 1291 1772 appellet.
1332 1688 1394 1753 Iste

242 1889 245 1893 ‚
325 1826 408 1873 sene
430 1807 655 1898 adroganter,
677 1805 767 1893 quod
788 1806 992 1874 commodum
1013 1808 1095 1892 fuit,
1115 1807 1311 1894 respondit.
1330 1808 1392 1874 Ne-

326 1949 390 2015 que
420 1929 496 1995 dum
527 1929 610 1994 fines
631 1934 750 1996 unctor
772 1929 1072 1995 demonstreneret.
1111 1928 1227 1994 Mittit
1251 1929 1296 1995 ad
1320 1948 1393 2014 pro·

888 2207 1015 2258 munibus
1032 2206 1157 2258 ductibus
1177 2207 1341 2274 iunguntur)
1353 2222 1393 2272 es·

888 2296 1045 2360 ginttnetnm
1061 2295 1152 2348 inerit.

922 2382 967 2447 60)
980 2383 1112 2448 syitriem
1124 2396 1159 2434 ss
1173 2386 1241 2436 mitti
1255 2388 1393 2438 ntsnesnn

888 2474 916 2522 in
929 2479 1046 2525 extremo
1057 2473 1108 2524 hoe
1117 2486 1215 2536 nemu,
1229 2475 1301 2526 nitro
1312 2477 1393 2527 termi-

888 2573 951 2612 num
965 2565 1120 2624 protectsm,
1132 2566 1304 2625 conspicere,
1316 2566 1393 2629 nepe

887 2650 1023 2711 eliquanto
1038 2653 1149 2701 ceeteris
1163 2653 1320 2702 eurntdim.

921 2736 964 2798 tii)
976 2739 1077 2789 Rursus
1089 2740 1217 2791 undecim
1229 2754 1323 2792 uersus
1333 2740 1392 2790 dno

887 2826 1015 2878 denorum
1035 2830 1140 2880 circiter
1161 2828 1312 2881 tittererum
1327 2830 1388 2879 desi·

326 2223 375 2273 ego
399 2211 449 2274 ieri
474 2209 665 2268 catomum,
691 2221 781 2270 nsque
804 2212 830 2258 in

326 2304 452 2349 contentu
465 2297 558 2347 muuio
569 2297 715 2360 quidquem
729 2303 830 2349 mutos

360 2384 405 2448 55)
418 2385 501 2437 cod:
524 2382 694 2442 cctcmitote.
715 2388 742 2437 i.
753 2398 778 2435 e·
790 2398 831 2436 ce·

326 2475 479 2526 temitetem,

360 2559 405 2623 56)
419 2560 498 2613 Cede
511 2563 684 2613 stiomtcnm.

359 2651 405 2713 57)
419 2651 463 2700 Sic
484 2650 589 2710 dicius,
612 2649 750 2701 cromerus
769 2664 830 2702 cum

326 2740 494 2796 Heinrictim
509 2740 659 2802 Pepronut,
673 2738 828 2802 umentem,

326 2832 373 2889 out
390 2831 468 2879 etiem
487 2828 621 2886 ostendit,
639 2841 757 2879 ceuseem
773 2830 831 2879 nui·

325 2917 375 2967 iem
390 2917 479 2976 tuisse.
495 2930 542 2968 eur
554 2918 663 2967 Beicrut
676 2919 719 2967 illo
730 2921 830 2969 reiecto

324 3006 497 3056 substitueret
516 3006 639 3068 repleret.
665 3007 730 3057 item
742 3010 769 3056 in
781 3006 830 3058 Co·

325 3095 384 3144 dice
409 3095 524 3145 initteies
547 3094 615 3145 duee
641 3095 700 3146 iiiee
726 3096 827 3148 iitteree

324 3197 377 3233 non
390 3191 453 3233 tunt
465 3182 594 3245 iegibiiet·

357 3274 402 3336 58)
416 3272 495 3323 Codz
509 3271 656 3333 Popiliene·
680 3273 738 3335 Qus
753 3274 785 3325 de
800 3288 827 3326 re

322 3361 589 3413 uidcsisHuecttts'um
599 3361 631 3410 ed
642 3360 667 3411 h.
677 3361 694 3411 Ι.
705 3370 731 3412 st
740 3362 828 3413 iudd-

887 2916 1022 2967 derentur.
1033 2917 1074 2966 Ad
1083 2922 1248 2969 sententium
1260 2919 1391 2981 protritis

886 3005 967 3056 hocce
980 3005 1316 3070 Beiertsuppiernentum:
1332 3020 1388 3069 npe-

886 3100 927 3146 ter
946 3089 1099 3156 possederat
1120 3099 1179 3147 stne
1199 3097 1261 3148 uilo
1280 3108 1392 3161 muoso

884 3187 1073 3234 controuersia.
1100 3185 1153 3236 iste
1170 3186 1276 3236 &munt
1294 3188 1392 3236 sicinus

883 3284 968 3322 nouus
986 3273 1123 3334 improbae
1140 3274 1197 3334 spei
1217 3286 1248 3323 eo
1261 3276 1386 3334 exorior,

883 3361 954 3423 quod
964 3360 1002 3414 ti.
1014 3360 1118 3410 Yuiit‘us
1131 3361 1244 3422 obertu,
1260 3365 1344 3425 eoepit
1353 3365 1390 3410 ts·

322 3451 415 3501 dendis
431 3463 457 3512 p.
469 3448 532 3498 ane.

354 3536 399 3599 59)
413 3538 501 3589 Codex
510 3550 557 3595 our
571 3539 706 3590 continere
717 3539 823 3590 dicitur:

320 3628 367 3678 sed
388 3640 442 3676 une
462 3627 527 3676 neec
547 3625 633 3676 titterr
650 3625 736 3677 fineiis
755 3640 825 3679 nunc

321 3717 399 3779 piene
424 3715 554 3777 illegibiiis
568 3720 624 3774 est,
640 3716 794 3778 incertique
814 3730 824 3766 ι
915 3712 960 3778 62)
971 3713 1389 3776 cod.:peenttetot.ceni.ustsri

320 3819 353 3856 en
366 3821 393 3857 s.
418 3804 494 3855 Adeo
509 3815 618 3859 uereor,
642 3805 761 3865 nequod
776 3818 823 3868 pre
881 3809 981 3853 notem.

320 3908 330 3945 ι
352 3896 489 3958 tegernnt,
515 3893 646 3952 posterior
672 3892 767 3942 ductus
790 3895 824 3942 sit
913 3889 957 3952 53)
976 3891 1080 3941 Desunt
1099 3889 1229 3941 undecim
1255 3893 1387 3943 uemicnii.

319 3982 503 4045 preecedentis
523 3981 626 4030 ittteree
648 3994 680 4030 u:
709 3982 752 4033 cui
772 3981 822 4031 ior·
878 3976 1004 4029 Beterus:
1037 3981 1114 4028 »uiro
1142 3980 1256 4040 optineo.
1295 3980 1320 4030 is
1344 3981 1388 4029 ito

319 4078 386 4124 tesse
396 4071 559 4122 breuissimts
568 4068 671 4118 ducitur
681 4069 821 4121 itneoiisin
876 4067 1114 4128 messerschmid,
1128 4080 1214 4132 putem
1221 4069 1309 4118 subito
1322 4082 1388 4117 nue-

317 4162 434 4212 dertrem
447 4162 573 4220 porrectis
585 4154 618 4208 τὸ
629 4156 820 4222 sieieutseepe
876 4156 909 4206 tit
925 4154 964 4207 di.
979 4156 1064 4205 Tullio
1080 4158 1195 4207 ueniunt
1212 4171 1231 4206 n
1245 4157 1329 4217 uitio,
1358 4156 1387 4205 Ρ.

316 4255 342 4303 in
357 4250 406 4301 hoc
420 4248 517 4299 Codice
533 4248 620 4310 piures
634 4247 737 4300 titteree
749 4261 817 4300 com·
874 4245 986 4296 Fadium
997 4242 1074 4307 modi
1086 4243 1159 4295 titius
1170 4246 1289 4311 pudenti
1300 4246 1383 4296 moio-

882 3450 973 3509 ttnre,
987 3450 1082 3498 comet
1099 3451 1222 3499 centorio
1241 3449 1389 3514 Popsie'oso

882 3538 1018 3588 uideretur
1044 3538 1112 3588 sotis
1140 3538 1280 3589 commode
1306 3542 1388 3603 posite

882 3639 969 3682 esse«,
989 3625 1036 3676 rei.
