3114 5046
170 720 244 759 nornis.

343 396 402 458 196
449 392 544 494 Cup.
566 384 601 468 Ι.
654 394 716 470 De
741 399 826 471 iore
853 419 1014 471 caussae
1044 394 1249 485 Quinctios

170 606 321 703 “uppem
339 605 414 652 rere
429 588 464 651 in
478 605 506 652 o.
520 579 615 666 23.⁵⁸)
638 589 673 651 et
687 585 864 672 deinceps,
885 587 942 651 ubi
957 584 1094 652 Borrim
1107 587 1249 671 ooeteriq

338 704 516 774 secundom
539 709 735 791 tertiamque
758 711 886 790 portem
906 709 1041 773 iimitem
1062 708 1216 797 egerunt

402 828 531 894 Deinde
553 828 642 914 quod
663 832 785 916 negaui
808 847 922 896 uocem
937 833 1092 916 potuisse
1106 824 1249 916 urgendi

339 970 434 1038 quem
463 953 575 1036 potius
605 954 725 1015 testem
755 952 865 1016 eitobo
894 969 990 1036 quom
1011 952 1117 1034 ipsum
1141 948 1249 1014 Tullio

338 1075 452 1158 utique
475 1075 509 1137 in
538 1073 604 1137 iliis
626 1074 709 1155 ipsis
730 1073 913 1156 capitibus,
948 1072 1003 1137 ubi
1026 1075 1138 1136 tomen
1160 1072 1248 1134 omni

337 1197 438 1259 nione
473 1196 508 1258 in
540 1193 689 1259 secundo
723 1196 819 1277 porto
857 1195 964 1258 oratio
997 1198 1171 1276 uersatur,
1213 1208 1249 1275 pr

338 1313 475 1398 dixerit,
509 1312 687 1381 Naeuium
716 1334 763 1380 eo·
791 1312 921 1380 Edicto
949 1314 1128 1401 possidere
1153 1330 1249 1399 ποθι]

337 1441 371 1502 et
399 1433 578 1503 Naeuium
599 1455 646 1501 eo
672 1434 803 1502 Edicto
832 1455 901 1502 noo
927 1430 1185 1521 possedisse⁵⁹),
1222 1453 1249 1520 qi

336 1560 371 1622 in
393 1556 584 1644 colligendo
605 1558 670 1624 loci
698 1559 793 1642 primi
827 1555 1052 1641 disputatione
1074 1554 1138 1622 hoo
1159 1555 1249 1621 olier

337 1681 451 1744 simum
473 1678 629 1763 loquendi
652 1678 794 1744 formula
815 1698 896 1743 usus
917 1671 1018 1750 sii⁶⁰).

400 1800 575 1865 Postremo
597 1819 778 1885 componas
800 1819 924 1885 quaeso
948 1800 1138 1891 partitionis
1159 1797 1249 1864 uerbi

336 1915 536 2001 exhibui⁶¹)‚
567 1940 641 1988 oum
673 1923 731 1988 iiia
763 1924 1033 2010 argumentorum
1060 1920 1249 2004 repetitioni

335 2047 369 2109 in
392 2045 606 2129 peroratione
631 2037 828 2119 habetur⁶²i.
870 2041 936 2108 Ubi
959 2062 1056 2127 quum
1071 2040 1249 2107 iooiderisi

334 2164 435 2230 hoec:
466 2160 613 2229 Omnino
643 2169 762 2228 autem
784 2163 873 2228 bono
895 2182 1055 2246 possesso
1076 2181 1147 2228 oon
1169 2179 1244 2228 esse

335 2279 451 2369 toi⁶³),
474 2283 596 2349 exinde
616 2302 698 2348 uero
719 2286 911 2369 respexeris
933 2284 1007 2366 illo,
1029 2285 1147 2368 quibos
1168 2285 1249 2367 inps

334 2658 467 2710 «nequeo
487 2644 537 2696 rol.
564 2645 702 2695 «serendo
719 2659 792 2696 none
805 2659 836 2696 ox

333 2735 451 2785 «Edicio
465 2733 600 2783 Prasioris
619 2734 689 2783 bona
707 2733 737 2782 P.
753 2734 837 2796 Quin·

334 2823 403 2873 ociii
423 2822 553 2885 possideri
583 2822 660 2872 nulio
684 2823 766 2871 modo
791 2834 837 2883 po·

334 2913 467 2962 oioisso.»

366 2998 410 3062 58)
432 2999 497 3047 Vido
515 3011 576 3047 mox
589 2998 660 3047 inira
674 3000 702 3047 in
715 3004 778 3047 noio
791 2997 835 3047 60.

366 3085 411 3149 59)
432 3100 456 3135 c.
476 3086 520 3135 20.
553 3085 602 3135 «C.
624 3087 759 3148 Aquillius

335 3177 408 3225 «hoc
426 3175 468 3222 ius
496 3174 524 3222 in
542 3175 653 3223 ciuiiaio
671 3175 835 3232 constituat,

333 3279 363 3310 o.
379 3298 410 3313 ..
439 3263 516 3310 cuius
544 3268 704 3324 procurator
723 3277 739 3311 a
758 3262 837 3310 Prae·

333 3359 414 3401 dioro
439 3352 561 3400 tribunos
590 3350 727 3412 appellare
755 3363 836 3398 ausus

333 3441 415 3501 osii,
442 3451 505 3488 eum
532 3451 588 3486 non
613 3436 740 3497 defendi,
780 3439 835 3485 eius

333 3527 428 3575 «bono
445 3531 515 3574 recte
532 3526 668 3587 possideri
683 3538 783 3586 posse.
800 3561 805 3573 .
827 3559 833 3570 .

333 3614 435 3676 «Quod
456 3616 478 3663 si
499 3615 605 3677 probari
621 3614 724 3662 nomini
739 3618 834 3675 potest,

333 3701 423 3751 oiiiud
437 3709 510 3752 cerie
526 3703 633 3765 probari
651 3702 778 3750 omnibus
790 3715 836 3749 no-

333 3804 431 3841 «eesse
450 3797 507 3846 esi.
527 3790 669 3840 defensum
690 3803 749 3839 esse
768 3790 835 3838 iudi·

333 3879 397 3928 ocio
410 3880 548 3928 absentem
562 3879 729 3940 Quinotium.
757 3879 834 3939 Quod

333 3981 441 4030 «quum
459 3969 492 4015 iio
509 3972 567 4021 osi,
597 3979 630 4014 ero
649 3968 744 4016 Edicto
764 3966 835 4015 oona

334 4068 478 4117 «possesso
495 4068 551 4103 noo
569 4060 641 4102 surii.

366 4141 412 4205 60)
440 4157 464 4192 c.
484 4142 527 4190 22.
555 4147 621 4191 extr.
660 4141 770 4203 «Quare
789 4149 835 4191 oui

334 4231 456 4281 odoooos
483 4236 601 4293 oporiet,
631 4229 757 4280 Alienum
786 4245 832 4280 ne·

895 2658 996 2709 rigasse
1026 2659 1056 2696 so
1089 2650 1249 2709 procurator

895 2749 973 2784 onon
1004 2735 1136 2784 deiecisse
1168 2733 1249 2783 libell«

895 2825 990 2872 ocium
1017 2824 1142 2886 occipere
1170 2821 1246 2871 nolui

894 2925 999 2974 «quum
1019 2912 1088 2960 hoec
1112 2912 1149 2960 iia
1171 2910 1245 2960 sacta

894 3001 1012 3049 «Edicio
1032 3005 1057 3048 te
1078 3000 1149 3048 bono
1167 2998 1196 3046 Ρ.
1212 2999 1249 3060 Qu

894 3089 1058 3148 «possedisse
1082 3086 1248 3136 concedes.»

894 3189 963 3239 quso
988 3177 1118 3225 continuo
1146 3178 1194 3233 (oe
1213 3187 1249 3224 on

893 3264 1028 3313 uocabulo
1046 3263 1199 3322 interiecio)
1211 3263 1239 3312 iu

894 3358 1031 3415 quuniur,
1057 3352 1186 3402 «Etenim
1205 3352 1228 3401 si

893 3455 907 3485 o
919 3441 1077 3503 possedisti,
1093 3453 1195 3503 quaero
1204 3452 1249 3488 our

893 3530 1065 3578 «uenierinio
1076 3528 1138 3589 roi,
1153 3541 1224 3591 quoe
1234 3532 1249 3576 li

892 3618 929 3666 iio
948 3623 987 3666 osi
1011 3618 1137 3666 diuersae
1162 3630 1249 3679 prorsr

892 3719 945 3767 quo
964 3707 1032 3767 porti
1052 3705 1221 3755 defensionis
1240 3720 1249 3756 o

892 3807 976 3855 quum
996 3795 1091 3842 eodem
1118 3796 1249 3858 uirooiqo

893 3894 956 3940 res,
983 3882 1016 3929 do
1051 3895 1104 3944 qua
1140 3884 1231 3944 sgiiur

892 3971 1012 4019 sireiuri

925 4054 971 4118 61)
991 4056 1078 4118 Supra
1097 4071 1122 4119 p.
1144 4058 1208 4108 172.

924 4142 970 4206 62)
991 4158 1015 4192 c.
1035 4144 1078 4192 28.
1098 4145 1142 4194 29.

922 4229 971 4290 63)
991 4231 1103 4282 Caetera
1116 4233 1181 4284 uide
1194 4248 1247 4299 sup
