3114 5046
54 339 92 416 s.
103 329 143 400 i.
162 323 225 401 De
237 325 332 399 Pac
348 324 389 398 V.
400 326 482 398 bort.
498 306 792 399 -Subseciuue
804 328 1052 425 quaestiones.
1083 325 1122 389 81
1149 363 1152 367 -

117 512 224 583 Cuius
249 516 298 579 rei
331 516 384 579 uei
410 516 485 598 ipsa
506 512 608 596 baec,
644 515 679 578 in
701 534 766 600 qua
787 533 980 597 uersamur,
1017 519 1124 580 oratio
1144 523 1291 630 ‘gwe-

56 638 121 703 duo
145 639 300 703 continet
321 636 488 721 exempla,
511 635 668 702 uidelicet
684 635 853 701 Buritani
875 655 973 700 unum
986 631 1026 716 ⁴),
1049 635 1125 702 Do-

55 759 207 825 labellae
228 760 368 823 alierum
384 753 412 832 ⁵)
434 756 621 839 decretum,
657 756 700 823 de
726 757 957 836 satisdationis
985 762 1125 824 contro-

57 880 169 945 uersia
190 884 367 964 uirumque
388 878 573 962 redditnm3
606 876 789 962 eodemque
814 897 942 966 genere
964 880 1125 964 pleraque

56 1002 110 1066 iila
135 1000 294 1087 fuerunt,
327 1019 413 1084 quae
441 998 552 1066 iudicii
584 999 760 1064 ordinandi
788 1019 910 1067 caussa
938 1000 1008 1066 fieri
1030 1002 1124 1066 soie-

58 1124 152 1203 bani,
186 1124 385 1208 praesertim
408 1120 633 1208 quotidianum
654 1121 736 1186 iiiud
759 1124 966 1207 omniumque
986 1124 1125 1209 grauis-

57 1247 171 1308 simum
195 1242 384 1328 decretum,
420 1262 485 1328 quo
512 1243 656 1341 formula
676 1244 928 1327 concipiebatur
948 1241 1126 1309 iudicium-

58 1385 117 1451 que
140 1367 412 1432 constituebatur
425 1360 463 1439 6).

116 1523 289 1606 Quocirca
310 1527 344 1588 in
367 1541 489 1592 causaa
510 1517 685 1608 proposita
706 1526 761 1609 qui
783 1526 961 1604 statuerit,
982 1523 1125 1589 Burrie-

60 1666 129 1710 num
154 1645 351 1711 Praetorem
374 1648 572 1735 recognita
593 1645 801 1729 decreuisse,
823 1649 860 1709 ut
875 1645 1023 1727 Quinctii
1037 1647 1127 1711 bona

61 1786 98 1831 ex
120 1766 246 1834 Edicto
268 1767 442 1852 possidere
457 1768 586 1833 Naeuio
608 1769 660 1831 ius
682 1771 793 1850 esset,
816 1766 964 1832 fateatur
985 1786 1127 1835 neeesse

60 1895 127 1968 est,
161 1890 254 1953 iilum
288 1908 349 1973 pro
379 1891 549 1973 potestate
576 1907 638 1953 sua
659 1887 843 1971 iudicasse,
880 1887 1070 1971 Quinctium
1090 1890 1126 1954 in

61 2009 213 2076 Edictum
244 2010 465 2092 commisisse,
499 2002 658 2077 uidelicet
686 2014 720 2075 et
747 2009 968 2075 uadimonium
995 2010 1126 2077 Naeuio

61 2131 249 2197 deseruisse
270 2135 305 2196 et
326 2132 499 2196 absentem
521 2130 696 2197 defensum
717 2152 785 2197 non
804 2152 893 2198 esse.

68 2228 73 2235 ’
116 2254 168 2318 At
190 2271 275 2318 uero
305 2255 340 2317 in
366 2252 419 2317 bis
452 2255 548 2337 quasi
576 2255 619 2318 de
641 2256 777 2342 integro
800 2254 1003 2338 quaerendis
1023 2262 1125 2340 atque

60 2373 303 2464 redarguendis
334 2370 508 2449 Ciceronis
540 2377 647 2439 oratio
689 2393 796 2459 paene
834 2380 907 2441 tota
948 2383 1124 2464 uersatur,

63 2514 163 2581 neque
196 2495 263 2562 boe
296 2497 441 2561 oratoris
472 2497 688 2562 aberratione
721 2497 921 2579 licentiaco,
953 2501 1049 2562 immo
1083 2517 1125 2562 ex

65 2618 235 2702 proposito
255 2613 282 2690 ⁷)
302 2620 404 2702 atque
431 2619 505 2701 ipso
533 2615 696 2683 Praetore
728 2621 885 2701 auctore,
918 2620 1041 2703 qnippe
1070 2623 1125 2703 qui

68 2741 289 2820 sponsionem,
321 2757 364 2802 ex
394 2757 461 2820 qua
487 2738 653 2825 agendum
683 2744 791 2825 esset,
828 2741 927 2804 talem
958 2740 1027 2805 fieri
1053 2743 1126 2804 ius-

72 2863 158 2943 serit,
204 2859 295 2944 quaii
326 2861 477 2943 quaestio
509 2859 617 2942 baec,
657 2864 832 2927 commissa
865 2866 978 2926 essent
1018 2880 1126 2926 necne

76 2998 142 3060 quae
169 2979 214 3043 ad
246 2980 334 3044 boue
362 2999 404 3044 ex
437 2979 559 3047 Edicto
587 2981 792 3066 possidenda
816 2983 986 3062 ualerent,
1023 3002 1126 3066 prae-

103 3283 125 3342 t)
141 3300 165 3336 e.
184 3287 211 3336 ·1.
233 3292 299 3336 extr.
319 3286 363 3336 20.
379 3310 408 3322 -
426 3287 471 3336 ubi
484 3286 564 3336 Prae·
619 3289 714 3346 iussit,-
747 3302 801 3352 quo
827 3288 898 3339 iacto
924 3290 958 3339 da
985 3291 1041 3354 ipsa
1061 3304 1125 3341 con·

81 3375 121 3433 ior,
145 3389 210 3425 eum
228 3375 341 3438 capue
358 3376 424 3424 iuris
446 3376 564 3439 quaestio
621 3377 754 3426 troueraia
774 3384 898 3441 paratum
918 3379 1126 3443 expeditumque

82 3470 147 3521 aaut,
166 3466 259 3515 statim
276 3465 377 3513 decreto
394 3471 564 3514 saocontro-
621 3465 691 3516 iorai
721 3481 734 3517 a
765 3480 793 3517 ra
823 3469 944 3519 iudicato
980 3470 1124 3520 damete.

83 3552 175 3601 versiam
194 3552 313 3601 diremit.
621 3554 699 3605 Cous.
722 3569 804 3620 supra
823 3554 852 3619 §-
873 3559 900 3607 1.
920 3571 945 3621 p.
966 3557 993 3607 3.
1013 3571 1089 3622 seqq.

105 3638 166 3689 bic.
185 3639 210 3688 8.
229 3665 258 3675 -
278 3639 325 3688 ubi
342 3638 469 3697 Praetor,
502 3653 564 3703 quo-
656 3640 684 3705 d)
715 3641 862 3707 Coni.pro
883 3644 1058 3696 redduci.
1079 3646 1123 3695 38.

85 3727 136 3775 nun
151 3730 241 3776 mixtis
258 3729 391 3791 uariisque
409 3734 433 3777 ct
456 3728 522 3776 iuria
540 3733 564 3777 et
622 3732 656 3782 39
669 3731 722 3780 27.
733 3733 777 3781 ³1.
790 3734 819 3781 in
839 3733 954 3784 Verres.
974 3735 1019 3794 11,
1039 3734 1082 3785 ia.
1096 3736 1127 3784 da

87 3812 131 3866 [urii
154 3817 349 3880 quaestionibus
379 3818 564 3866 controuersia
622 3822 775 3871 incautione
803 3823 847 3882 11,
884 3823 927 3873 19.
956 3823 1000 3873 2⁰.
1049 3815 1135 3875 (irent.v

89 3898 109 3947 de
123 3906 288 3955 satisdatione
316 3907 476 3967 praestanda
501 3919 564 3955 con·
619 3911 715 3972 partit.
740 3925 763 3959 c.
788 3908 832 3959 28.
859 3912 894 3959 ad
914 3912 1075 3963 Herennium
1102 3915 1125 3973 1,

91 3988 186 4051 istebat,
225 3995 355 4057 omnique
389 4000 484 4044 natura
515 4007 564 4043 aua
622 3999 665 4049 12.
705 3998 765 4050 Gai.
784 3999 898 4059 1V‚5·i.
917 4000 961 4049 53.

93 4075 211 4131 turbatior
228 4089 302 4142 erat,
330 4085 442 4145 praeuio
465 4084 565 4133 decreto
613 4082 619 4087 ’
656 4087 683 4150 7)
704 4088 780 4138 Coni.
802 4103 825 4138 o.
848 4092 890 4138 10.
910 4097 937 4139 et
956 4093 1065 4153 passim.

96 4171 224 4221 diodornos
244 4172 488 4234 praeiudiciumquo
511 4172 567 4236 peri

122 4277 224 4321 Merena.
243 4280 282 4318 bia
305 4279 320 4317 i.
844 4285 863 4343 6
