3114 5046
273 2574 325 2627 oper
343 2577 375 2617 rs.

435 379 496 439 278
531 374 625 476 Cup.
653 377 688 449 l.
742 373 803 450 De
828 379 915 450 iare
941 398 1102 449 caussae
1129 372 1399 450 Oueeireiuaue.

267 573 416 670 adana„
502 573 615 661 «quod
648 576 677 639 is
710 572 877 638 deteriore
914 575 986 638 iure
1013 577 1105 638 esset
1142 592 1239 658 quam
1270 574 1376 639 ceteri
1411 575 1500 638 ciues

502 700 668 780 «propter
686 694 924 761 incommodum
942 695 1239 760 Volaterranorum
1258 694 1501 762 calamitatem-

503 837 591 902 aque
624 819 766 884 ciuilem.
817 819 935 901 ltaque
958 815 1055 882 homo
1086 815 1221 881 timidus
1244 817 1501 903 imperitasque,

503 942 583 1025 tqui
606 958 714 1025 neque
736 941 834 1005 animi
857 957 965 1025 neque
988 939 1117 1005 consilii
1140 941 1225 1005 satls
1246 937 1409 1022 haberet,
1437 958 1502 1005 non

503 1064 659 1146 «putauit
688 1079 763 1127 esse
791 1064 880 1127 tanti
906 1058 1143 1148 hereditatem,
1175 1068 1213 1125 ut
1241 1058 1283 1124 de
1308 1061 1449 1126 ciuitate
1470 1062 1503 1123 in

503 1183 659 1249 «dubium
682 1185 828 1249 ueniret:
852 1183 1039 1265 concessit,
1061 1180 1181 1266 credo,
1202 1182 1372 1267 Aebutio,
1395 1200 1503 1268 quan-

505 1337 517 1364 a
530 1312 598 1370 tum
620 1305 741 1392 uellet,
764 1304 807 1371 de
821 1300 1031 1372 Caesenniae
1045 1305 1143 1370 bonis
1157 1307 1194 1367 ut
1209 1294 1379 1369 haberet?
1401 1305 1502 1370 Immo

505 1431 566 1491 «ut
580 1427 653 1491 uiro
670 1427 750 1492 forti
766 1444 807 1494 ae
822 1427 966 1510 sapienti
981 1425 1116 1514 dignum
1131 1424 1215 1509 lult,
1236 1426 1284 1491 ita
1307 1425 1503 1492 calumniam

506 1549 770 1632 «stultitiamque
792 1548 865 1613 eius
890 1548 1029 1613 obtriuit
1052 1565 1093 1615 ae
1119 1545 1285 1613 contudit.
1309 1541 1338 1620 §.
1363 1544 1415 1608 19.
1464 1548 1504 1612 ln

386 1682 392 1693 ‘
505 1671 745 1754 «possessione
767 1671 926 1735 bonorum
949 1688 1023 1736 cum
1045 1671 1136 1735 esset
1158 1672 1193 1734 et
1215 1686 1289 1736 eum
1318 1669 1393 1754 ipse
1421 1686 1503 1734 sex.

505 1793 630 1857 «tulam
657 1810 750 1857 suam
781 1793 911 1856 nimium
937 1794 1182 1880 exaggeraret,
1217 1791 1348 1856 nomine
1371 1788 1504 1855 heredis

505 1914 686 1978 «arbitrum
719 1914 865 1978 familiae
894 1911 1112 1979 erciscundae
1146 1913 1340 1998 postulauit
1392 1912 1504 1996 Atque

506 2035 595 2099 «illis
615 2036 734 2120 paucis
756 2034 889 2121 diebus,
921 2041 1141 2120 posteaquam
1163 2032 1273 2118 uidet,
1299 2031 1382 2098 nihil
1403 2052 1442 2098 se
1463 2034 1504 2098 ab

506 2155 575 2220 «A.
596 2155 744 2222 Caecina
766 2174 867 2240 posse
888 2156 993 2221 litium
1017 2158 1148 2222 terrore
1170 2153 1354 2240 abradere,
1385 2154 1505 2220 homini

507 2275 661 2341 «Romae
683 2278 717 2339 in
739 2277 814 2341 foro
837 2275 1012 2342 denuntiat
1035 2275 1172 2342 fundum
1198 2277 1288 2341 illum
1311 2323 1320 2340 .
1340 2321 1381 2339 ..
1412 2294 1504 2341 suum

508 2414 610 2462 «esse
631 2415 734 2481 seque
756 2398 818 2463 sibi
842 2398 988 2463 emisse·

304 2518 373 2559 nne
388 2521 407 2561 ⁴·
506 2515 601 2600 Quae
629 2518 730 2584 lectio
762 2520 901 2585 extremi
933 2519 1032 2585 buius
1067 2520 1199 2585 articuli
1232 2517 1281 2580 iil.
1315 2512 1417 2600 (nam
1435 2537 1504 2586 cum

443 2659 484 2705 eo
517 2640 699 2725 praecipue
729 2640 806 2705 milri
837 2658 893 2706 res
922 2631 997 2722 est)
1027 2642 1058 2706 si
1087 2659 1169 2707 uera
1202 2645 1272 2727 est,
1315 2640 1505 2726 expeditum

444 2763 539 2827 simul
563 2763 644 2841 erit,
676 2781 790 2827 omnes
811 2763 887 2826 illas
908 2765 1112 2850 sententias,
1145 2781 1281 2848 quarum
1303 2763 1410 2828 uerba
1431 2762 1505 2826 sunt

444 2888 557 2971 esset,
602 2889 853 2970 exapqeroret,
889 2884 1100 2973 postulauit,
1146 2901 1252 2969 eaque
1293 2884 1400 2950 uerba
1436 2885 1506 2968 ipsa

444 3004 486 3069 ad
524 3005 661 3070 Aebutii
690 3023 866 3089 personam
906 3023 982 3069 esse
1021 3005 1210 3070 referenda.
1263 3004 1371 3091 quue
1407 3005 1506 3092 longa

447 3126 595 3210 plurimis
616 3144 749 3209 semper
769 3127 895 3210 placuit
917 3128 1018 3211 atque
1041 3125 1139 3191 bodie
1161 3127 1283 3212 placet.
1325 3126 1507 3193 Verumta-

448 3265 519 3310 men
543 3246 631 3311 haud
653 3246 848 3327 defuerunt,
872 3250 927 3333 qui
948 3248 1036 3312 illius
1056 3250 1123 3314 loci
1145 3252 1296 3314 tenorem
1319 3251 1353 3312 ln
1377 3247 1507 3314 dubium

448 3373 626 3451 uocarent,
661 3374 762 3451 atque
785 3375 852 3432 tum
874 3368 1050 3454 repudiato
1073 3377 1141 3433 tum
1164 3373 1385 3454 conseruato,
1414 3388 1508 3455 quem

448 3488 544 3552 modo
567 3486 810 3575 demonstraul,
832 3508 955 3576 sensu,
976 3493 1243 3557 coniecturarum
1266 3510 1331 3575 ope
1354 3482 1456 3573 (nam
1477 3493 1507 3554 in

448 3607 627 3675 (lodicibus
663 3626 776 3693 parum
814 3612 929 3676 auxilii
970 3604 1045 3692 est)
1082 3611 1259 3680 emendare
1296 3618 1508 3680 conarentur.

449 3727 543 3812 Quos
573 3750 687 3796 omnes
714 3730 798 3798 haee
824 3732 898 3798 fere
928 3736 1118 3799 structurae
1146 3735 1338 3801 obseruatio
1367 3736 1508 3799 mouisse

449 3851 601 3917 uidetur:

516 3966 668 4040 obtriuit
700 3996 742 4039 uc
777 3978 935 4042 concludit
964 3979 1055 4041 nullo
1093 3978 1192 4043 dubio
1225 3973 1384 4043 Caecina.
1443 3979 1508 4041 lam
1545 4025 1547 4029 -

451 4093 537 4178 quod
560 4098 671 4159 statim
693 4098 842 4181 sequitur
859 4116 937 4162 mom
958 4105 1066 4181 esset,
1088 4100 1179 4163 nullo
1201 4099 1380 4163 interiecto
1403 4116 1508 4182 neque
1530 4110 1547 4145 ⁴-

452 4217 581 4280 nomine
609 4235 714 4300 neque
737 4220 946 4300 pronomine,
977 4221 1019 4284 ad
1047 4222 1210 4286 diuersam
1235 4221 1374 4285 Aebutii
1399 4238 1507 4304 perso
1526 4239 1547 4252 -
