3114 5046
415 387 478 450 ³⁴⁶
539 383 635 486 Cap.
661 385 696 459 1.
749 382 810 460 De
826 364 1088 460 iore'coassae
1105 382 1375 460 Caecinionae.

262 612 397 677 nonu..
416 582 764 674 ipsnmnossedisse,
792 602 900 669 eoque
923 602 1019 669 quum
1041 582 1251 667 adhibueris,
1285 580 1376 667 quod
1399 583 1479 647 nui-

275 681 383 771 313⁰*
384 691 397 704 ’
416 710 480 775 ism
507 707 608 773 habet
644 705 900 788 dubitationem,
936 709 1052 771 antimo
1085 709 1213 769 tantum
1245 723 1327 786 sno,
1367 704 1480 769 cotani

415 847 558 911 corpore
586 846 657 894 ean
688 825 902 912 possedisse,
939 830 1095 892 cesimum
1123 825 1213 890 iiiam
1241 823 1479 909 possidendis

415 951 588 1016 locatione
610 952 738 1034 ortum,
759 949 943 1014 locationis
959 964 1046 1011 uero
1069 948 1122 1010 ius
1144 948 1178 1041 et
1201 947 1370 1013 uincuiuur
1393 964 1479 1031 qua-

413 1073 577 1158 lecunque
603 1081 629 1136 a·
653 1071 806 1152 mutieres
842 1088 939 1153 quum
970 1070 1171 1152 moreretur,
1203 1065 1248 1132 ad
1280 1061 1477 1133 Caecinam

413 1192 569 1259 heredem
599 1192 791 1276 transiisse3
838 1190 989 1256 colonum
1026 1187 1169 1275 denique
1200 1190 1299 1254 eiiam
1337 1194 1478 1254 mortua

415 1309 614 1380 Caesennia
646 1311 845 1397 aliquamdiu
872 1328 1015 1395 corpore
1049 1330 1110 1375 suo
1143 1309 1279 1376 tandum
1310 1312 1476 1376 tenuisse:

414 1438 494 1501 tune
515 1438 745 1524 argumentum
768 1432 848 1498 iliud
876 1430 1000 1518 aliquid
1026 1433 1054 1496 si
1086 1451 1152 1497 non
1175 1434 1246 1497 ueri
1269 1433 1305 1498 ct
1326 1431 1371 1498 sd
1394 1451 1478 1517 pro-

414 1554 556 1623 bandum
586 1554 715 1641 idonei,
747 1559 783 1619 at
810 1553 854 1620 ad
883 1550 1056 1620 dicendum
1087 1556 1198 1619 tamen
1226 1554 1406 1620 uerisimile
1436 1572 1477 1618 ae

413 1677 589 1744 tolerabile
611 1679 826 1743 nanciscitur.

477 1796 534 1864 Ad
556 1797 640 1865 haec
661 1802 772 1864 autern
793 1816 934 1865 caussae
958 1799 1151 1883 propositae
1174 1796 1297 1863 indicia
1317 1800 1355 1862 et
1368 1799 1478 1862 uesti-

412 1921 471 2010 gia
493 1939 590 2005 quum
612 1917 755 1985 adhibeo
783 1937 868 2004 quae
897 1917 939 1985 de
961 1919 1051 1984 iilius
1071 1920 1153 1984 iuris
1177 1921 1308 2008 origine
1327 1936 1371 1986 se
1394 1937 1477 2003 pro-

412 2058 536 2130 gressu
556 2041 628 2106 siae
650 2020 821 2125 conperta
843 2039 1003 2106 habemus
1029 2042 1102 2106 siue
1124 2042 1319 2107 coniectura
1341 2041 1476 2125 asseqn

415 2181 609 2248 pommus,
632 2163 731 2227 etiam
753 2162 862 2250 magis
882 2160 1031 2229 adducor
1052 2166 1089 2226 ui
1104 2160 1255 2244 credam,
1275 2165 1366 2227 iaris
1380 2162 1478 2226 aian

413 2287 515 2375 qssasi
534 2286 808 2372 possessionum,
832 2301 928 2368 quam
944 2280 1121 2372 latiairns,
1146 2278 1262 2349 Gaias
1283 2285 1477 2368 caeterique

414 2404 575 2489 deinceps
595 2405 828 2470 Iurisconsulti
851 2405 1099 2472 usufructuario
1122 2405 1292 2489 tribuunt,
1323 2403 1389 2471 hac
1414 2399 1478 2472 Gi-

415 2531 550 2593 ceronis
571 2529 685 2592 aetate
707 2544 775 2590 non
796 2525 893 2591 modo
911 2525 1071 2593 distincta
1091 2530 1233 2592 entiam
1254 2526 1310 2592 uei
1323 2531 1475 2615 ammon,

414 2647 475 2713 sed
515 2667 557 2712 ne
590 2651 685 2714 certa
724 2646 853 2732 quidem
891 2647 1025 2712 firmaue
1060 2651 1199 2713 catium
1230 2648 1477 2736 excogitatam,

414 2770 630 2836 constitutam
651 2773 709 2833 aut
731 2787 752 2833 a
774 2773 927 2855 corporis
947 2773 1162 2854 possessione
1194 2773 1386 2853 separatam
1418 2789 1476 2836 se-

415 2893 626 2974 iunctamque
648 2890 765 2956 tuisse.

478 3009 566 3093 Quid
588 3006 706 3078 enimi
737 3009 777 3080 Si
799 3016 979 3080 uerisimile
1002 3015 1071 3101 esi,
1104 3017 1141 3078 ut
1163 3031 1238 3078 esse
1261 3017 1366 3098 puto,
1399 3015 1475 3078 uni-

414 3152 545 3200 uersum
575 3138 800 3219 possessionis
837 3138 1183 3222 possessoriorumque
1221 3134 1475 3203 interdictorum

413 3257 466 3319 ins
487 3258 627 3340 propter
655 3261 733 3342 aori
760 3257 890 3341 prodiici
918 3261 1152 3343 possessiones
1180 3255 1351 3322 conditum
1373 3262 1476 3342 atque

414 3375 491 3441 inde
512 3375 556 3441 ad
579 3378 729 3460 priuatas
751 3381 984 3460 possessiones
1006 3384 1226 3464 propagatum
1253 3379 1476 3444 translatum-

414 3515 478 3583 que
500 3492 631 3582 esse⁷);
666 3516 778 3563 nonne
800 3500 888 3563 inter
921 3501 1200 3565 usufructuariam
1233 3502 1377 3588 agrique
1412 3522 1476 3586 pu-

415 3617 491 3683 blici
513 3635 741 3703 possessorem
764 3619 798 3682 in
821 3638 880 3702 eo,
913 3620 1001 3707 quod
1028 3623 1199 3706 utriusque
1222 3623 1293 3686 iure
1316 3624 1476 3687 contine-

416 3741 488 3818 tur,
519 3741 614 3805 ianta
635 3739 814 3806 intercedit
835 3742 1014 3807 similitudo
1027 3739 1072 3826 ⁸),
1105 3748 1142 3807 ut
1164 3741 1245 3807 nihii
1268 3746 1377 3833 magis
1400 3745 1475 3809 oiim

448 3947 476 4014 7)
496 3951 913 4017 VideSoaininori.i.§.12.a.
971 3956 1063 4015 soiiis,
1101 3957 1140 4008 ier
1169 3957 1267 4006 Tison'a
1295 3960 1385 4009 multis
1414 3961 1475 4010 iocis

414 4053 442 4101 u.
461 4041 523 4091 215.
543 4054 620 4103 seqq.
970 4045 1079 4105 pianum
1105 4045 1182 4104 iacit,
1213 4047 1423 4109 acironense.
1448 4061 1473 4109 p.

449 4125 477 4192 8)
496 4129 633 4180 Poseidon
653 4136 680 4180 ei
697 4133 738 4180 aii
759 4130 813 4192 [rai
833 4145 912 4195 quem
971 4133 1031 4182 itt.
1047 4133 1180 4198 (liudonis.
1195 4136 1212 4184 i.
1228 4134 1257 4197 i.)
1277 4136 1473 4197 aesinion.

411 4220 508 4269 intimo
530 4220 677 4281 antiquitus
709 4222 834 4283 coniungi
861 4223 913 4271 dui
970 4234 1045 4283 seq„
1066 4236 1089 4274 e.
1111 4225 1153 4273 18.
1175 4236 1202 4286 p.
1226 4224 1308 4286 iae..
1336 4240 1360 4275 c.
1381 4227 1427 4276 ei.
1448 4239 1472 4287 p·
