3114 5046
114 304 153 393 s·
166 302 205 375 ⁷.
222 294 600 405 parassemus
620 298 702 376 νν.
715 298 807 375 uu.
820 305 1039 385 seusam.
1063 305 1127 369 oss
1155 324 1158 329 -

58 623 168 688 monis
187 622 373 689 subiectam
395 641 560 690 essenon
587 624 768 708 simplicem
798 625 968 691 notionem
991 628 1127 715 nieme,

58 743 119 811 aed
141 742 325 832 duplicem,
357 748 392 811 et
413 749 538 811 ettccre
567 748 602 810 et
622 742 828 832 probiber03
862 746 1004 813 alterum
1024 745 1126 833 iilud,

58 882 102 931 ex
116 863 235 933 eadem
256 867 420 965 sermouis
439 866 680 933 cousuetudine
698 867 803 935 uerba
818 866 988 936 interdicti
1006 866 1127 936 Utido-

57 1005 98 1053 eo
126 1002 199 1053 ιιιιιι
224 989 332 1055 sotum
358 986 424 1054 Eo·
452 1008 517 1079 qoro
547 989 621 1054 loco
648 1018 688 1032 -
718 992 758 1055 tu
787 1007 868 1055 cum
896 989 1028 1078 lomim,
1064 988 1127 1056 sed

58 1111 158 1176 etiam
176 1105 215 1175 A
235 1129 301 1200 quo
323 1110 398 1176 loeo
418 1147 460 1161 -
483 1115 522 1176 iu
543 1128 623 1176 cum
644 1109 980 1198 locum-significare.

118 1230 243 1298 Addas
264 1232 421 1317 superius
440 1230 539 1316 iliud,
572 1232 601 1296 si
633 1232 764 1317 piacet,
801 1230 997 1298 deflentium
1018 1231 1127 1321 ιιιιιςίι

57 1371 155 1440 quam
175 1354 316 1439 acrium,
346 1372 413 1439 quo
434 1354 571 1440 planum
592 1353 707 1420 tacere
728 1351 905 1441 studebat,
932 1353 1060 1420 etiamsi
1081 1351 1125 1418 ad

57 1475 235 1542 uerborum
266 1477 420 1565 argutias
454 1476 752 1562 cauillationesque
782 1474 982 1542 ueniendum
1016 1478 1126 1560 essct,

57 1597 184 1663 stiuam
204 1600 318 1664 temen
340 1592 516 1664 Caecinae
537 1614 692 1664 caussam
713 1597 799 1662 iore.

119 1716 204 1784 Alia
223 1720 443 1806 argumenta,
463 1735 509 1784 ex
530 1719 604 1803 ipsa
626 1719 725 1804 iuris,
746 1718 944 1800 aequitatis,
971 1718 1126 1802 publicae

56 1839 212 1906 utilitatis
237 1839 370 1906 ratione
397 1839 505 1925 petita
531 1842 634 1925 atque
655 1838 699 1905 ad
721 1839 819 1905 huius
840 1837 1024 1922 interdicti,
1059 1858 1125 1925 quo
1208 1868 1210 1872 v

57 1959 96 2028 dc
128 1961 264 2050 agitur,
307 1962 360 2027 ius
395 1977 612 2047 caussamque
644 1960 795 2046 directa,
840 1961 932 2026 nulia
965 1961 1126 2027 inuenies

58 2078 179 2165 walia
209 2086 321 2150 tamffl
347 2100 368 2149 e
396 2080 533 2148 diuersa
554 2085 651 2167 parte
672 2079 839 2149 Pboraem
861 2082 1021 2148 nonnulla
1041 2100 1125 2165 pro-

59 2205 198 2291 tulisse,
219 2207 254 2270 et
276 2207 402 2290 quanto
424 2205 521 2289 plura
543 2204 712 2289 proferret
734 2206 769 2269 in
790 2205 897 2289 iisque
919 2202 1126 2270 detensionis

58 2327 160 2394 robur
189 2326 470 2413 praecipuumque
499 2343 642 2393 caussae
670 2324 907 2391 firmamentum
931 2325 1126 2408 collocaret,

59 2452 152 2514 tanto
184 2449 299 2514 uerius
326 2446 594 2533 commodiusque
616 2444 760 2512 Aebutii
789 2464 940 2512 caussam
964 2447 1125 2531 arcuisse,

58 2587 98 2635 cx
118 2571 178 2655 iis,
214 2586 300 2654 quae
327 2588 389 2634 suo
417 2569 494 2636 ioco
524 2587 627 2654 supra
656 2567 918 2652 disputauimus,
951 2568 1125 2652 probabile

58 2689 155 2775 titud,
175 2689 242 2756 hoc
263 2693 373 2775 autem
396 2691 608 2775 perspicuum
631 2693 693 2755 est.

117 2809 236 2898 Atque
258 2810 323 2878 boc
345 2814 414 2893 est,
436 2810 524 2897 quod
548 2815 649 2876 autea
665 2808 897 2876 demonstrant
911 2804 959 2894 ²²),
981 2831 1005 2876 o
1019 2810 1124 2876 uerbo

58 2933 166 3021 uagis
187 2950 284 3018 quam
306 2950 330 2997 u
350 2937 529 2999 smrtcrotto
554 2931 709 2998 'i'utltum
731 2932 795 2998 boc
817 2933 891 2998 ioco
915 2948 1097 3017 pugnasse.

114 3050 245 3139 Utique
266 3054 381 3119 mirum
411 3053 475 3120 bac
504 3058 601 3138 purte
630 3069 671 3119 ae
693 3071 801 3138 poene
824 3051 983 3119 ludicrum
1007 3050 1123 3116 orandi

57 3175 229 3242 consitium
250 3174 490 3261 artificiumque
511 3175 591 3240 iicet
613 3175 805 3240 obseruare.

115 3280 218 3364 iubet
239 3300 355 3362 orator
376 3297 410 3360 iu
432 3298 599 3381 actionum
620 3302 895 3382 caeterarumque
915 3315 1026 3362 rerum
1049 3297 1123 3362 ior.

58 3419 150 3484 mutis
178 3417 484 3503 scriptionibusque
510 3416 773 3502 interpretandis
798 3423 1029 3507 smuerrttum,
1058 3439 1123 3484 oe-

56 3543 244 3629 quttotem‚
279 3539 473 3605 utilitatem
503 3540 613 3624 sequi,
648 3541 757 3606 uerbo
785 3542 832 3605 ita
859 3541 1053 3625 aestimare,
1085 3542 1121 3603 ut

57 3678 140 3746 quae
162 3660 314 3726 seruiaut
335 3660 402 3725 iliis
424 3663 497 3725 tota
515 3679 623 3745 neque
644 3680 707 3726 sua
724 3662 756 3725 ui
774 3679 815 3726 ac
835 3664 1007 3746 potestate
1024 3662 1121 3746 quic·

57 3801 151 3867 quam
173 3783 318 3848 ualeant.
352 3782 531 3866 vituperat
548 3779 729 3871 Pauorem,
753 3786 807 3867 qui
825 3784 999 3848 uerborum
1019 3802 1120 3866 prae-

55 3906 185 3992 cipuam
207 3922 284 3970 essa
305 3907 467 3970 rationem
490 3902 674 3970 habendam
697 3904 856 3987 posuerit.

117 4022 248 4109 Quibus
268 4027 460 4112 praeceptis
482 4024 632 4110 traditis,
660 4026 840 4109 quinctium
861 4026 964 4115 louge
987 4027 1118 4110 iateque

87 4168 356 4236 mptum.
