<?xml version="1.0" encoding="UTF-8"?>
<!DOCTYPE html PUBLIC "-//W3C//DTD XHTML 1.0 Transitional//EN"
    "http://www.w3.org/TR/xhtml1/DTD/xhtml1-transitional.dtd">
<html xmlns="http://www.w3.org/1999/xhtml" xml:lang="en" lang="en">
 <head>
  <title>
</title>
<meta http-equiv="Content-Type" content="text/html;charset=utf-8" />
  <meta name='ocr-system' content='tesseract 3.04.00' />
  <meta name='ocr-capabilities' content='ocr_page ocr_carea ocr_par ocr_line ocrx_word'/>
</head>
<body>
  <div class='ocr_page' id='page_1' title='image "./semestriumadmtu00kellgoog_0122.png"; bbox 0 0 3114 5046; ppageno 0'>
   <div class='ocr_carea' id='block_1_1' title="bbox 320 367 1286 470">
    <p class='ocr_par' dir='ltr' id='par_1_1' title="bbox 320 367 1286 470">
     <span class='ocr_line' id='line_1_1' title="bbox 320 367 1286 470; baseline 0.005 -31"><span class='ocrx_word' id='word_1_1' title='bbox 320 369 362 439; x_wconf 78' lang='grc'><strong>96</strong></span> <span class='ocrx_word' id='word_1_2' title='bbox 424 367 519 470; x_wconf 78' lang='lat' dir='ltr'><strong>Cep.</strong></span> <span class='ocrx_word' id='word_1_3' title='bbox 545 369 580 444; x_wconf 92' lang='lat'><strong>1.</strong></span> <span class='ocrx_word' id='word_1_4' title='bbox 631 368 694 445; x_wconf 85' lang='lat' dir='ltr'><strong>De</strong></span> <span class='ocrx_word' id='word_1_5' title='bbox 718 372 805 447; x_wconf 82' lang='lat' dir='ltr'><strong>iera</strong></span> <span class='ocrx_word' id='word_1_6' title='bbox 829 393 991 466; x_wconf 74' lang='lat' dir='ltr'><strong>causaue</strong></span> <span class='ocrx_word' id='word_1_7' title='bbox 1019 369 1286 459; x_wconf 75' lang='lat' dir='ltr'><strong>Quinctianae.</strong></span> 
     </span>
    </p>
   </div>
   <div class='ocr_carea' id='block_1_2' title="bbox 167 560 1390 773">
    <p class='ocr_par' dir='ltr' id='par_1_2' title="bbox 167 560 1390 773">
     <span class='ocr_line' id='line_1_2' title="bbox 167 560 1390 648; baseline 0.002 -24"><span class='ocrx_word' id='word_1_8' title='bbox 167 566 213 607; x_wconf 62' lang='lat' dir='ltr'><strong>a«</strong></span> <span class='ocrx_word' id='word_1_9' title='bbox 234 570 301 607; x_wconf 63' lang='lat'>³⁰¹⁰·</span> <span class='ocrx_word' id='word_1_10' title='bbox 320 562 400 625; x_wconf 93' lang='lat' dir='ltr'><strong>mari</strong></span> <span class='ocrx_word' id='word_1_11' title='bbox 423 563 594 648; x_wconf 78' lang='lat' dir='ltr'><strong>oporteat,</strong></span> <span class='ocrx_word' id='word_1_12' title='bbox 625 560 681 626; x_wconf 93' lang='lat' dir='ltr'><strong>ubl</strong></span> <span class='ocrx_word' id='word_1_13' title='bbox 708 562 846 646; x_wconf 90' lang='lat' dir='ltr'><strong>primum</strong></span> <span class='ocrx_word' id='word_1_14' title='bbox 869 565 928 625; x_wconf 89' lang='lat' dir='ltr'><strong>aut</strong></span> <span class='ocrx_word' id='word_1_15' title='bbox 957 563 1158 628; x_wconf 79' lang='lat' dir='ltr'><strong>certioribus</strong></span> <span class='ocrx_word' id='word_1_16' title='bbox 1186 562 1390 627; x_wconf 66' lang='lat' dir='ltr'><strong>testimoniis</strong></span> 
     </span>
     <span class='ocr_line' id='line_1_3' title="bbox 319 680 1390 773; baseline -0.001 -24"><span class='ocrx_word' id='word_1_17' title='bbox 319 700 360 749; x_wconf 84' lang='lat' dir='ltr'><strong>ao</strong></span> <span class='ocrx_word' id='word_1_18' title='bbox 376 752 379 757; x_wconf 66' lang='grc'><strong>,</strong></span> <span class='ocrx_word' id='word_1_19' title='bbox 395 680 601 747; x_wconf 84' lang='lat' dir='ltr'><strong>documentis</strong></span> <span class='ocrx_word' id='word_1_20' title='bbox 632 685 691 745; x_wconf 91' lang='lat' dir='ltr'><strong>aut</strong></span> <span class='ocrx_word' id='word_1_21' title='bbox 718 700 822 746; x_wconf 85' lang='lat' dir='ltr'><strong>sanae</strong></span> <span class='ocrx_word' id='word_1_22' title='bbox 854 681 1049 768; x_wconf 89' lang='lat' dir='ltr'><strong>solidaeque</strong></span> <span class='ocrx_word' id='word_1_23' title='bbox 1077 683 1268 773; x_wconf 87' lang='lat' dir='ltr'><strong>doctrinae,</strong></span> <span class='ocrx_word' id='word_1_24' title='bbox 1304 700 1390 768; x_wconf 88' lang='lat' dir='ltr'><strong>quae</strong></span> 
     </span>
    </p>
   </div>
   <div class='ocr_carea' id='block_1_3' title="bbox 152 626 301 665">
    <p class='ocr_par' dir='ltr' id='par_1_3' title="bbox 152 626 301 665">
     <span class='ocr_line' id='line_1_4' title="bbox 152 626 301 665; baseline 0.013 -2"><span class='ocrx_word' id='word_1_25' title='bbox 152 636 199 664; x_wconf 80' lang='lat' dir='ltr'><strong>ram</strong></span> <span class='ocrx_word' id='word_1_26' title='bbox 207 626 301 665; x_wconf 71' lang='lat' dir='ltr'><strong>uuita·</strong></span> 
     </span>
    </p>
   </div>
   <div class='ocr_carea' id='block_1_4' title="bbox 153 682 230 721">
    <p class='ocr_par' dir='ltr' id='par_1_4' title="bbox 153 682 230 721">
     <span class='ocr_line' id='line_1_5' title="bbox 153 682 230 721; baseline 0 -1"><span class='ocrx_word' id='word_1_27' title='bbox 153 682 230 721; x_wconf 69' lang='lat' dir='ltr'><strong>iorum</strong></span> 
     </span>
    </p>
   </div>
   <div class='ocr_carea' id='block_1_5' title="bbox 296 801 1390 890">
    <p class='ocr_par' dir='ltr' id='par_1_5' title="bbox 296 801 1390 890">
     <span class='ocr_line' id='line_1_6' title="bbox 296 801 1390 890; baseline 0.001 -22"><span class='ocrx_word' id='word_1_28' title='bbox 296 804 354 869; x_wconf 87' lang='lat' dir='ltr'><strong>&#39;et</strong></span> <span class='ocrx_word' id='word_1_29' title='bbox 377 801 597 868; x_wconf 87' lang='lat' dir='ltr'><strong>obseruandis</strong></span> <span class='ocrx_word' id='word_1_30' title='bbox 625 802 790 867; x_wconf 90' lang='lat' dir='ltr'><strong>hominum</strong></span> <span class='ocrx_word' id='word_1_31' title='bbox 819 804 965 869; x_wconf 87' lang='lat' dir='ltr'><strong>moribus</strong></span> <span class='ocrx_word' id='word_1_32' title='bbox 991 806 1147 890; x_wconf 89' lang='lat' dir='ltr'><strong>altaeque</strong></span> <span class='ocrx_word' id='word_1_33' title='bbox 1173 803 1390 889; x_wconf 78' lang='lat' dir='ltr'><strong>quotidianae</strong></span> 
     </span>
    </p>
   </div>
   <div class='ocr_carea' id='block_1_6' title="bbox 319 925 1390 1132">
    <p class='ocr_par' dir='ltr' id='par_1_6' title="bbox 319 925 1390 1132">
     <span class='ocr_line' id='line_1_7' title="bbox 319 925 1390 1013; baseline 0 -24"><span class='ocrx_word' id='word_1_34' title='bbox 319 926 468 1013; x_wconf 79' lang='lat' dir='ltr'><strong>negotiis</strong></span> <span class='ocrx_word' id='word_1_35' title='bbox 489 943 530 990; x_wconf 91' lang='lat' dir='ltr'><strong>ao</strong></span> <span class='ocrx_word' id='word_1_36' title='bbox 553 926 827 1011; x_wconf 87' lang='lat' dir='ltr'><strong>conuersatione,</strong></span> <span class='ocrx_word' id='word_1_37' title='bbox 857 930 892 990; x_wconf 90' lang='lat' dir='ltr'><strong>et</strong></span> <span class='ocrx_word' id='word_1_38' title='bbox 918 925 1151 992; x_wconf 81' lang='lat' dir='ltr'><strong>ratiocinando</strong></span> <span class='ocrx_word' id='word_1_39' title='bbox 1169 927 1390 993; x_wconf 83' lang='lat' dir='ltr'><strong>constituitur</strong></span> 
     </span>
     <span class='ocr_line' id='line_1_8' title="bbox 319 1040 1062 1132; baseline 0.001 -22"><span class='ocrx_word' id='word_1_40' title='bbox 319 1064 360 1112; x_wconf 89' lang='lat' dir='ltr'><strong>ac</strong></span> <span class='ocrx_word' id='word_1_41' title='bbox 382 1045 611 1131; x_wconf 83' lang='lat' dir='ltr'><strong>confirmatur,</strong></span> <span class='ocrx_word' id='word_1_42' title='bbox 634 1046 732 1129; x_wconf 89' lang='lat' dir='ltr'><strong>piane</strong></span> <span class='ocrx_word' id='word_1_43' title='bbox 755 1048 1019 1132; x_wconf 82' lang='lat' dir='ltr'><strong>repugnauerint</strong></span> <span class='ocrx_word' id='word_1_44' title='bbox 1029 1040 1062 1124; x_wconf 83' lang='lat'><strong>³).</strong></span> 
     </span>
    </p>
   </div>
   <div class='ocr_carea' id='block_1_7' title="bbox 322 1220 1390 1412">
    <p class='ocr_par' dir='ltr' id='par_1_7' title="bbox 322 1220 1390 1412">
     <span class='ocr_line' id='line_1_9' title="bbox 384 1220 1390 1311; baseline 0.005 -25"><span class='ocrx_word' id='word_1_45' title='bbox 384 1220 513 1303; x_wconf 79' lang='lat' dir='ltr'><strong>Quibus</strong></span> <span class='ocrx_word' id='word_1_46' title='bbox 541 1222 733 1306; x_wconf 83' lang='lat' dir='ltr'><strong>praemissis</strong></span> <span class='ocrx_word' id='word_1_47' title='bbox 761 1221 803 1286; x_wconf 89' lang='lat' dir='ltr'><strong>de</strong></span> <span class='ocrx_word' id='word_1_48' title='bbox 833 1223 921 1311; x_wconf 82' lang='lat' dir='ltr'><strong>legis</strong></span> <span class='ocrx_word' id='word_1_49' title='bbox 950 1226 1172 1309; x_wconf 84' lang='lat' dir='ltr'><strong>conceptione</strong></span> <span class='ocrx_word' id='word_1_50' title='bbox 1202 1224 1390 1291; x_wconf 88' lang='lat' dir='ltr'><strong>secundum</strong></span> 
     </span>
     <span class='ocr_line' id='line_1_10' title="bbox 322 1342 1389 1412; baseline 0.002 -4"><span class='ocrx_word' id='word_1_51' title='bbox 322 1362 448 1408; x_wconf 88' lang='lat' dir='ltr'><strong>omnem</strong></span> <span class='ocrx_word' id='word_1_52' title='bbox 476 1344 565 1407; x_wconf 88' lang='lat' dir='ltr'><strong>illios</strong></span> <span class='ocrx_word' id='word_1_53' title='bbox 592 1342 796 1408; x_wconf 85' lang='lat' dir='ltr'><strong>uenditionis</strong></span> <span class='ocrx_word' id='word_1_54' title='bbox 825 1343 1041 1412; x_wconf 66' lang='lat' dir='ltr'><strong>ordinemne</strong></span> <span class='ocrx_word' id='word_1_55' title='bbox 1070 1349 1222 1411; x_wconf 89' lang='lat' dir='ltr'><strong>naturam</strong></span> <span class='ocrx_word' id='word_1_56' title='bbox 1247 1348 1296 1411; x_wconf 87' lang='lat' dir='ltr'><strong>ita</strong></span> <span class='ocrx_word' id='word_1_57' title='bbox 1319 1365 1389 1410; x_wconf 86' lang='lat' dir='ltr'><strong>me-</strong></span> 
     </span>
    </p>
   </div>
   <div class='ocr_carea' id='block_1_8' title="bbox 322 1463 614 1531">
    <p class='ocr_par' dir='ltr' id='par_1_8' title="bbox 322 1463 614 1531">
     <span class='ocr_line' id='line_1_11' title="bbox 322 1463 614 1531; baseline -0.014 -1"><span class='ocrx_word' id='word_1_58' title='bbox 322 1482 395 1530; x_wconf 91' lang='lat' dir='ltr'><strong>cum</strong></span> <span class='ocrx_word' id='word_1_59' title='bbox 418 1463 614 1531; x_wconf 86' lang='lat' dir='ltr'><strong>considero:</strong></span> 
     </span>
    </p>
   </div>
   <div class='ocr_carea' id='block_1_9' title="bbox 320 1733 827 2682">
    <p class='ocr_par' dir='ltr' id='par_1_9' title="bbox 320 1733 827 2682">
     <span class='ocr_line' id='line_1_12' title="bbox 355 1733 826 1797; baseline -0.006 -12"><span class='ocrx_word' id='word_1_60' title='bbox 355 1733 388 1797; x_wconf 81' lang='grc'><strong>3)</strong></span> <span class='ocrx_word' id='word_1_61' title='bbox 405 1734 465 1796; x_wconf 88' lang='lat' dir='ltr'><strong>Quo</strong></span> <span class='ocrx_word' id='word_1_62' title='bbox 484 1735 571 1795; x_wconf 85' lang='lat' dir='ltr'><strong>magia</strong></span> <span class='ocrx_word' id='word_1_63' title='bbox 583 1734 737 1796; x_wconf 87' lang='lat' dir='ltr'><strong>supradicta</strong></span> <span class='ocrx_word' id='word_1_64' title='bbox 752 1734 826 1783; x_wconf 82' lang='lat' dir='ltr'><strong>iliius</strong></span> 
     </span>
     <span class='ocr_line' id='line_1_13' title="bbox 320 1823 826 1885; baseline -0.002 -12"><span class='ocrx_word' id='word_1_65' title='bbox 320 1823 467 1873; x_wconf 87' lang='lat' dir='ltr'><strong>testimonii</strong></span> <span class='ocrx_word' id='word_1_66' title='bbox 483 1827 580 1871; x_wconf 90' lang='lat' dir='ltr'><strong>natura</strong></span> <span class='ocrx_word' id='word_1_67' title='bbox 593 1828 732 1885; x_wconf 75' lang='lat' dir='ltr'><strong>appareat,</strong></span> <span class='ocrx_word' id='word_1_68' title='bbox 753 1823 826 1873; x_wconf 81' lang='lat' dir='ltr'><strong>baud</strong></span> 
     </span>
     <span class='ocr_line' id='line_1_14' title="bbox 321 1911 825 1975; baseline 0 -15"><span class='ocrx_word' id='word_1_69' title='bbox 321 1911 416 1961; x_wconf 86' lang='lat' dir='ltr'><strong>inutile</strong></span> <span class='ocrx_word' id='word_1_70' title='bbox 441 1912 506 1971; x_wconf 91' lang='lat' dir='ltr'><strong>erit,</strong></span> <span class='ocrx_word' id='word_1_71' title='bbox 535 1916 669 1975; x_wconf 85' lang='lat' dir='ltr'><strong>quatenus</strong></span> <span class='ocrx_word' id='word_1_72' title='bbox 694 1911 736 1960; x_wconf 87' lang='lat' dir='ltr'><strong>ius</strong></span> <span class='ocrx_word' id='word_1_73' title='bbox 756 1911 825 1960; x_wconf 90' lang='lat' dir='ltr'><strong>auti-</strong></span> 
     </span>
     <span class='ocr_line' id='line_1_15' title="bbox 320 2000 824 2065; baseline -0.002 -15"><span class='ocrx_word' id='word_1_74' title='bbox 320 2015 404 2065; x_wconf 90' lang='lat' dir='ltr'><strong>quum</strong></span> <span class='ocrx_word' id='word_1_75' title='bbox 413 2005 524 2063; x_wconf 83' lang='lat' dir='ltr'><strong>spectat,</strong></span> <span class='ocrx_word' id='word_1_76' title='bbox 535 2000 669 2061; x_wconf 84' lang='lat' dir='ltr'><strong>integrum</strong></span> <span class='ocrx_word' id='word_1_77' title='bbox 680 2000 824 2049; x_wconf 78' lang='lat' dir='ltr'><strong>exhibere:</strong></span> 
     </span>
     <span class='ocr_line' id='line_1_16' title="bbox 321 2084 826 2149; baseline 0.004 -15"><span class='ocrx_word' id='word_1_78' title='bbox 321 2104 351 2135; x_wconf 78' lang='lat' dir='ltr'><strong>r.</strong></span> <span class='ocrx_word' id='word_1_79' title='bbox 369 2126 375 2138; x_wconf 95' lang='lat'><em>.</em></span> <span class='ocrx_word' id='word_1_80' title='bbox 392 2124 399 2138; x_wconf 88' lang='lat'><strong>.</strong></span> <span class='ocrx_word' id='word_1_81' title='bbox 413 2095 491 2139; x_wconf 86' lang='lat' dir='ltr'><strong>erant</strong></span> <span class='ocrx_word' id='word_1_82' title='bbox 506 2094 532 2137; x_wconf 90' lang='lat' dir='ltr'><strong>et</strong></span> <span class='ocrx_word' id='word_1_83' title='bbox 545 2086 616 2137; x_wconf 85' lang='lat' dir='ltr'><strong>aliae</strong></span> <span class='ocrx_word' id='word_1_84' title='bbox 629 2084 826 2149; x_wconf 86' lang='lat' dir='ltr'><strong>adquisitioues</strong></span> 
     </span>
     <span class='ocr_line' id='line_1_17' title="bbox 322 2175 823 2237; baseline 0.002 -13"><span class='ocrx_word' id='word_1_85' title='bbox 322 2177 532 2237; x_wconf 85' lang='lat' dir='ltr'><strong>«uniuersales,</strong></span> <span class='ocrx_word' id='word_1_86' title='bbox 558 2175 659 2235; x_wconf 88' lang='lat' dir='ltr'><strong>ueluti,</strong></span> <span class='ocrx_word' id='word_1_87' title='bbox 688 2175 823 2225; x_wconf 93' lang='lat' dir='ltr'><strong>bonorum</strong></span> 
     </span>
     <span class='ocr_line' id='line_1_18' title="bbox 322 2259 827 2336; baseline 0.002 -23"><span class='ocrx_word' id='word_1_88' title='bbox 322 2266 428 2315; x_wconf 77' lang='lat' dir='ltr'><strong>somilo</strong></span> <span class='ocrx_word' id='word_1_89' title='bbox 452 2259 536 2331; x_wconf 80' lang='grc' dir='ltr'>(ἤτοι</span> <span class='ocrx_word' id='word_1_90' title='bbox 561 2261 619 2315; x_wconf 82' lang='grc' dir='ltr'><strong>τῶν</strong></span> <span class='ocrx_word' id='word_1_91' title='bbox 647 2263 827 2336; x_wconf 79' lang='grc' dir='ltr'><em>πραγμάτων</em></span> 
     </span>
     <span class='ocr_line' id='line_1_19' title="bbox 321 2349 826 2424; baseline 0.002 -25"><span class='ocrx_word' id='word_1_92' title='bbox 321 2349 536 2424; x_wconf 60' lang='lat' dir='ltr'><strong>adproperata),</strong></span> <span class='ocrx_word' id='word_1_93' title='bbox 574 2365 644 2416; x_wconf 84' lang='lat' dir='ltr'><strong>quae</strong></span> <span class='ocrx_word' id='word_1_94' title='bbox 681 2353 710 2401; x_wconf 91' lang='lat' dir='ltr'><strong>iu</strong></span> <span class='ocrx_word' id='word_1_95' title='bbox 745 2352 826 2401; x_wconf 87' lang='lat' dir='ltr'><strong>rebus</strong></span> 
     </span>
     <span class='ocr_line' id='line_1_20' title="bbox 321 2437 827 2512; baseline 0.002 -24"><span class='ocrx_word' id='word_1_96' title='bbox 321 2437 519 2512; x_wconf 80' lang='grc' dir='ltr'>«(πράγμασι)</span> <span class='ocrx_word' id='word_1_97' title='bbox 546 2441 675 2491; x_wconf 76' lang='lat' dir='ltr'><strong>debitoris</strong></span> <span class='ocrx_word' id='word_1_98' title='bbox 702 2440 827 2490; x_wconf 88' lang='lat' dir='ltr'><strong>uenduu·</strong></span> 
     </span>
     <span class='ocr_line' id='line_1_21' title="bbox 322 2529 826 2593; baseline 0.004 -17"><span class='ocrx_word' id='word_1_99' title='bbox 322 2531 385 2580; x_wconf 84' lang='lat' dir='ltr'><strong>«dis</strong></span> <span class='ocrx_word' id='word_1_100' title='bbox 403 2530 497 2589; x_wconf 88' lang='lat' dir='ltr'><strong>tiebat,</strong></span> <span class='ocrx_word' id='word_1_101' title='bbox 519 2542 567 2593; x_wconf 91' lang='lat' dir='ltr'><strong>per</strong></span> <span class='ocrx_word' id='word_1_102' title='bbox 586 2529 684 2580; x_wconf 79' lang='lat' dir='ltr'><strong>multae</strong></span> <span class='ocrx_word' id='word_1_103' title='bbox 697 2529 826 2591; x_wconf 78' lang='lat' dir='ltr'><strong>ambages</strong></span> 
     </span>
     <span class='ocr_line' id='line_1_22' title="bbox 322 2616 824 2682; baseline -0.006 -16"><span class='ocrx_word' id='word_1_104' title='bbox 322 2618 498 2682; x_wconf 83' lang='lat' dir='ltr'><strong>«multosque</strong></span> <span class='ocrx_word' id='word_1_105' title='bbox 516 2618 645 2667; x_wconf 84' lang='lat' dir='ltr'><strong>circuitus</strong></span> <span class='ocrx_word' id='word_1_106' title='bbox 667 2616 740 2669; x_wconf 79' lang='lat' dir='ltr'><strong>iacta</strong></span> <span class='ocrx_word' id='word_1_107' title='bbox 759 2651 767 2666; x_wconf 86' lang='lat'>.</span> <span class='ocrx_word' id='word_1_108' title='bbox 789 2652 796 2666; x_wconf 87' lang='lat'><em>.</em></span> <span class='ocrx_word' id='word_1_109' title='bbox 818 2650 824 2663; x_wconf 92' lang='lat'>.</span> 
     </span>
    </p>
   </div>
   <div class='ocr_carea' id='block_1_10' title="bbox 305 2706 827 2771">
    <p class='ocr_par' dir='ltr' id='par_1_10' title="bbox 305 2706 827 2771">
     <span class='ocr_line' id='line_1_23' title="bbox 305 2706 827 2771; baseline 0.002 -19"><span class='ocrx_word' id='word_1_110' title='bbox 305 2707 379 2757; x_wconf 81' lang='lat' dir='ltr'><strong>«Iit</strong></span> <span class='ocrx_word' id='word_1_111' title='bbox 414 2708 436 2756; x_wconf 87' lang='lat' dir='ltr'><strong>ai</strong></span> <span class='ocrx_word' id='word_1_112' title='bbox 464 2707 525 2771; x_wconf 87' lang='lat' dir='ltr'><strong>quis</strong></span> <span class='ocrx_word' id='word_1_113' title='bbox 553 2707 706 2769; x_wconf 84' lang='lat' dir='ltr'><strong>reperiatur</strong></span> <span class='ocrx_word' id='word_1_114' title='bbox 736 2706 827 2754; x_wconf 86' lang='lat' dir='ltr'><strong>multis</strong></span> 
     </span>
    </p>
   </div>
   <div class='ocr_carea' id='block_1_11' title="bbox 322 2794 828 4261">
    <p class='ocr_par' dir='ltr' id='par_1_11' title="bbox 322 2794 828 4261">
     <span class='ocr_line' id='line_1_24' title="bbox 322 2794 828 2856; baseline 0.002 -15"><span class='ocrx_word' id='word_1_115' title='bbox 322 2796 464 2856; x_wconf 87' lang='lat' dir='ltr'><strong>«debens,</strong></span> <span class='ocrx_word' id='word_1_116' title='bbox 489 2794 580 2845; x_wconf 87' lang='lat' dir='ltr'><strong>cilicio</strong></span> <span class='ocrx_word' id='word_1_117' title='bbox 598 2796 694 2845; x_wconf 89' lang='lat' dir='ltr'><strong>iudicis</strong></span> <span class='ocrx_word' id='word_1_118' title='bbox 714 2794 828 2843; x_wconf 90' lang='lat' dir='ltr'><strong>credito·</strong></span> 
     </span>
     <span class='ocr_line' id='line_1_25' title="bbox 324 2883 826 2945; baseline 0.002 -16"><span class='ocrx_word' id='word_1_119' title='bbox 324 2885 421 2934; x_wconf 84' lang='lat' dir='ltr'><strong>«ribus</strong></span> <span class='ocrx_word' id='word_1_120' title='bbox 440 2883 553 2934; x_wconf 87' lang='lat' dir='ltr'><strong>iacultas</strong></span> <span class='ocrx_word' id='word_1_121' title='bbox 572 2885 652 2934; x_wconf 90' lang='lat' dir='ltr'><strong>datur</strong></span> <span class='ocrx_word' id='word_1_122' title='bbox 672 2884 699 2931; x_wconf 90' lang='lat' dir='ltr'><strong>iu</strong></span> <span class='ocrx_word' id='word_1_123' title='bbox 721 2894 826 2945; x_wconf 85' lang='lat' dir='ltr'><strong>posses·</strong></span> 
     </span>
     <span class='ocr_line' id='line_1_26' title="bbox 323 2971 826 3023; baseline -0.01 0"><span class='ocrx_word' id='word_1_124' title='bbox 323 2974 448 3023; x_wconf 76' lang='lat' dir='ltr'><strong>«sionem</strong></span> <span class='ocrx_word' id='word_1_125' title='bbox 468 2974 600 3023; x_wconf 89' lang='lat' dir='ltr'><strong>bonorum</strong></span> <span class='ocrx_word' id='word_1_126' title='bbox 614 2971 768 3021; x_wconf 86' lang='lat' dir='ltr'><strong>communis</strong></span> <span class='ocrx_word' id='word_1_127' title='bbox 782 2971 826 3019; x_wconf 93' lang='lat' dir='ltr'><strong>de·</strong></span> 
     </span>
     <span class='ocr_line' id='line_1_27' title="bbox 324 3060 825 3122; baseline -0.002 -15"><span class='ocrx_word' id='word_1_128' title='bbox 324 3061 444 3111; x_wconf 79' lang='lat' dir='ltr'><strong>«biteris</strong></span> <span class='ocrx_word' id='word_1_129' title='bbox 457 3061 562 3117; x_wconf 86' lang='lat' dir='ltr'><strong>uenire,</strong></span> <span class='ocrx_word' id='word_1_130' title='bbox 574 3073 660 3122; x_wconf 84' lang='lat' dir='ltr'><strong>eaque</strong></span> <span class='ocrx_word' id='word_1_131' title='bbox 670 3060 825 3121; x_wconf 86' lang='lat' dir='ltr'><strong>disponere,</strong></span> 
     </span>
     <span class='ocr_line' id='line_1_28' title="bbox 324 3147 827 3212; baseline -0.01 -13"><span class='ocrx_word' id='word_1_132' title='bbox 324 3149 576 3212; x_wconf 79' lang='lat' dir='ltr'><strong>«quemadmodum</strong></span> <span class='ocrx_word' id='word_1_133' title='bbox 599 3148 651 3196; x_wconf 84' lang='lat' dir='ltr'><strong>sibi</strong></span> <span class='ocrx_word' id='word_1_134' title='bbox 674 3147 827 3196; x_wconf 89' lang='lat' dir='ltr'><strong>conducere</strong></span> 
     </span>
     <span class='ocr_line' id='line_1_29' title="bbox 326 3234 825 3299; baseline -0.004 -15"><span class='ocrx_word' id='word_1_135' title='bbox 326 3237 538 3299; x_wconf 79' lang='lat' dir='ltr'><strong>«cognoueriut.</strong></span> <span class='ocrx_word' id='word_1_136' title='bbox 560 3271 567 3286; x_wconf 92' lang='lat'><strong>.</strong></span> <span class='ocrx_word' id='word_1_137' title='bbox 589 3271 596 3284; x_wconf 89' lang='lat'><strong>.</strong></span> <span class='ocrx_word' id='word_1_138' title='bbox 618 3271 624 3283; x_wconf 88' lang='lat'>.</span> <span class='ocrx_word' id='word_1_139' title='bbox 645 3234 716 3284; x_wconf 91' lang='lat' dir='ltr'><strong>Olim</strong></span> <span class='ocrx_word' id='word_1_140' title='bbox 735 3239 825 3283; x_wconf 86' lang='lat' dir='ltr'><strong>autem</strong></span> 
     </span>
     <span class='ocr_line' id='line_1_30' title="bbox 324 3320 827 3387; baseline -0.002 -17"><span class='ocrx_word' id='word_1_141' title='bbox 324 3326 420 3387; x_wconf 81' lang='lat' dir='ltr'><strong>«bunc</strong></span> <span class='ocrx_word' id='word_1_142' title='bbox 451 3326 479 3374; x_wconf 91' lang='lat' dir='ltr'><strong>iu</strong></span> <span class='ocrx_word' id='word_1_143' title='bbox 504 3324 616 3373; x_wconf 90' lang='lat' dir='ltr'><strong>modum</strong></span> <span class='ocrx_word' id='word_1_144' title='bbox 643 3322 752 3371; x_wconf 83' lang='lat' dir='ltr'><strong>debant.</strong></span> <span class='ocrx_word' id='word_1_145' title='bbox 799 3320 827 3369; x_wconf 86' lang='lat' dir='ltr'><strong>Si</strong></span> 
     </span>
     <span class='ocr_line' id='line_1_31' title="bbox 326 3409 828 3472; baseline -0.008 -11"><span class='ocrx_word' id='word_1_146' title='bbox 326 3413 507 3471; x_wconf 87' lang='lat' dir='ltr'><strong>«eueniebat,</strong></span> <span class='ocrx_word' id='word_1_147' title='bbox 535 3416 563 3460; x_wconf 92' lang='lat' dir='ltr'><strong>ut</strong></span> <span class='ocrx_word' id='word_1_148' title='bbox 591 3411 651 3472; x_wconf 85' lang='lat' dir='ltr'><strong>quia</strong></span> <span class='ocrx_word' id='word_1_149' title='bbox 672 3409 763 3458; x_wconf 86' lang='lat' dir='ltr'><strong>multis</strong></span> <span class='ocrx_word' id='word_1_150' title='bbox 783 3409 828 3458; x_wconf 91' lang='lat' dir='ltr'><strong>de-</strong></span> 
     </span>
     <span class='ocr_line' id='line_1_32' title="bbox 323 3483 827 3563; baseline -0.016 -10"><span class='ocrx_word' id='word_1_151' title='bbox 323 3504 430 3561; x_wconf 78' lang='lat' dir='ltr'><strong>«beret,</strong></span> <span class='ocrx_word' id='word_1_152' title='bbox 450 3505 477 3550; x_wconf 90' lang='lat' dir='ltr'><strong>et</strong></span> <span class='ocrx_word' id='word_1_153' title='bbox 495 3505 587 3563; x_wconf 88' lang='lat' dir='ltr'><strong>postea</strong></span> <span class='ocrx_word' id='word_1_154' title='bbox 603 3483 721 3549; x_wconf 77' lang='lat' dir='ltr'><strong>latitaret</strong></span> <span class='ocrx_word' id='word_1_155' title='bbox 739 3511 827 3559; x_wconf 90' lang='lat' dir='ltr'><strong>neque</strong></span> 
     </span>
     <span class='ocr_line' id='line_1_33' title="bbox 325 3586 827 3645; baseline -0.004 -9"><span class='ocrx_word' id='word_1_156' title='bbox 325 3590 519 3640; x_wconf 74' lang='lat' dir='ltr'><strong>«defensorem</strong></span> <span class='ocrx_word' id='word_1_157' title='bbox 532 3587 659 3645; x_wconf 88' lang='lat' dir='ltr'><strong>baberet,</strong></span> <span class='ocrx_word' id='word_1_158' title='bbox 679 3586 827 3635; x_wconf 87' lang='lat' dir='ltr'><strong>creditores</strong></span> 
     </span>
     <span class='ocr_line' id='line_1_34' title="bbox 326 3673 827 3737; baseline -0.008 -13"><span class='ocrx_word' id='word_1_159' title='bbox 326 3679 544 3729; x_wconf 84' lang='lat' dir='ltr'><strong>«conuenientes</strong></span> <span class='ocrx_word' id='word_1_160' title='bbox 582 3679 733 3737; x_wconf 79' lang='lat' dir='ltr'><strong>praetorem</strong></span> <span class='ocrx_word' id='word_1_161' title='bbox 772 3673 827 3721; x_wconf 83' lang='lat' dir='ltr'><strong>adi-</strong></span> 
     </span>
     <span class='ocr_line' id='line_1_35' title="bbox 326 3763 827 3826; baseline -0.008 -14"><span class='ocrx_word' id='word_1_162' title='bbox 326 3767 428 3826; x_wconf 86' lang='lat' dir='ltr'><strong>«baut,</strong></span> <span class='ocrx_word' id='word_1_163' title='bbox 456 3767 508 3814; x_wconf 89' lang='lat' dir='ltr'><strong>boc</strong></span> <span class='ocrx_word' id='word_1_164' title='bbox 532 3763 557 3812; x_wconf 90' lang='lat' dir='ltr'><strong>ei</strong></span> <span class='ocrx_word' id='word_1_165' title='bbox 576 3767 739 3824; x_wconf 82' lang='lat' dir='ltr'><strong>querentes:</strong></span> <span class='ocrx_word' id='word_1_166' title='bbox 768 3773 827 3822; x_wconf 89' lang='lat' dir='ltr'><strong>per·</strong></span> 
     </span>
     <span class='ocr_line' id='line_1_36' title="bbox 326 3849 828 3914; baseline -0.008 -15"><span class='ocrx_word' id='word_1_167' title='bbox 326 3853 524 3914; x_wconf 88' lang='lat' dir='ltr'><strong>«mittebatque</strong></span> <span class='ocrx_word' id='word_1_168' title='bbox 543 3850 576 3898; x_wconf 81' lang='lat' dir='ltr'><strong>iis</strong></span> <span class='ocrx_word' id='word_1_169' title='bbox 595 3855 702 3913; x_wconf 88' lang='lat' dir='ltr'><strong>praetor</strong></span> <span class='ocrx_word' id='word_1_170' title='bbox 721 3849 748 3897; x_wconf 90' lang='lat' dir='ltr'><strong>iu</strong></span> <span class='ocrx_word' id='word_1_171' title='bbox 768 3861 828 3910; x_wconf 85' lang='lat' dir='ltr'><strong>pos·</strong></span> 
     </span>
     <span class='ocr_line' id='line_1_37' title="bbox 326 3935 827 3990; baseline -0.004 -4"><span class='ocrx_word' id='word_1_172' title='bbox 326 3943 469 3990; x_wconf 82' lang='lat' dir='ltr'><strong>«sessione</strong></span> <span class='ocrx_word' id='word_1_173' title='bbox 488 3951 548 3989; x_wconf 83' lang='lat' dir='ltr'><strong>ease</strong></span> <span class='ocrx_word' id='word_1_174' title='bbox 566 3937 699 3986; x_wconf 89' lang='lat' dir='ltr'><strong>bonorum</strong></span> <span class='ocrx_word' id='word_1_175' title='bbox 724 3935 827 3984; x_wconf 90' lang='lat' dir='ltr'><strong>debito·</strong></span> 
     </span>
     <span class='ocr_line' id='line_1_38' title="bbox 326 4025 827 4089; baseline -0.006 -16"><span class='ocrx_word' id='word_1_176' title='bbox 326 4028 396 4087; x_wconf 91' lang='lat' dir='ltr'><strong>«ris,</strong></span> <span class='ocrx_word' id='word_1_177' title='bbox 415 4033 545 4089; x_wconf 87' lang='lat' dir='ltr'><strong>erantque</strong></span> <span class='ocrx_word' id='word_1_178' title='bbox 565 4025 592 4073; x_wconf 90' lang='lat' dir='ltr'><strong>in</strong></span> <span class='ocrx_word' id='word_1_179' title='bbox 610 4038 703 4074; x_wconf 89' lang='lat' dir='ltr'><strong>eorum</strong></span> <span class='ocrx_word' id='word_1_180' title='bbox 723 4035 827 4085; x_wconf 88' lang='lat' dir='ltr'><strong>posses·</strong></span> 
     </span>
     <span class='ocr_line' id='line_1_39' title="bbox 327 4112 828 4176; baseline -0.002 -17"><span class='ocrx_word' id='word_1_181' title='bbox 327 4116 425 4164; x_wconf 81' lang='lat' dir='ltr'><strong>«sione</strong></span> <span class='ocrx_word' id='word_1_182' title='bbox 445 4128 493 4176; x_wconf 89' lang='lat' dir='ltr'><strong>per</strong></span> <span class='ocrx_word' id='word_1_183' title='bbox 511 4119 599 4162; x_wconf 84' lang='lat' dir='ltr'><strong>certos</strong></span> <span class='ocrx_word' id='word_1_184' title='bbox 618 4113 692 4160; x_wconf 83' lang='lat' dir='ltr'><strong>dies:</strong></span> <span class='ocrx_word' id='word_1_185' title='bbox 721 4112 762 4160; x_wconf 87' lang='lat' dir='ltr'><strong>bis</strong></span> <span class='ocrx_word' id='word_1_186' title='bbox 781 4124 828 4159; x_wconf 87' lang='lat' dir='ltr'><strong>au-</strong></span> 
     </span>
     <span class='ocr_line' id='line_1_40' title="bbox 328 4198 826 4261; baseline -0.008 -12"><span class='ocrx_word' id='word_1_187' title='bbox 328 4210 403 4252; x_wconf 90' lang='lat' dir='ltr'><strong>«tem</strong></span> <span class='ocrx_word' id='word_1_188' title='bbox 432 4202 527 4251; x_wconf 88' lang='lat' dir='ltr'><strong>diebus</strong></span> <span class='ocrx_word' id='word_1_189' title='bbox 561 4201 712 4261; x_wconf 87' lang='lat' dir='ltr'><strong>praeteritis</strong></span> <span class='ocrx_word' id='word_1_190' title='bbox 743 4198 826 4247; x_wconf 88' lang='lat' dir='ltr'><strong>altera</strong></span> 
     </span>
    </p>
   </div>
   <div class='ocr_carea' id='block_1_12' title="bbox 883 1735 1402 4168">
    <p class='ocr_par' dir='ltr' id='par_1_12' title="bbox 883 1735 1402 4168">
     <span class='ocr_line' id='line_1_41' title="bbox 884 1735 1388 1799; baseline 0.008 -18"><span class='ocrx_word' id='word_1_191' title='bbox 884 1735 988 1785; x_wconf 83' lang='lat' dir='ltr'><strong>«tiebat</strong></span> <span class='ocrx_word' id='word_1_192' title='bbox 998 1737 1032 1785; x_wconf 91' lang='lat' dir='ltr'><strong>ab</strong></span> <span class='ocrx_word' id='word_1_193' title='bbox 1041 1737 1074 1785; x_wconf 81' lang='lat' dir='ltr'><strong>iis</strong></span> <span class='ocrx_word' id='word_1_194' title='bbox 1083 1737 1166 1786; x_wconf 91' lang='lat' dir='ltr'><strong>aditio</strong></span> <span class='ocrx_word' id='word_1_195' title='bbox 1178 1737 1388 1799; x_wconf 82' lang='lat' dir='ltr'><strong>postulantibus,</strong></span> 
     </span>
     <span class='ocr_line' id='line_1_42' title="bbox 883 1824 1390 1875; baseline 0.006 -5"><span class='ocrx_word' id='word_1_196' title='bbox 883 1829 936 1872; x_wconf 89' lang='lat' dir='ltr'><strong>«ut</strong></span> <span class='ocrx_word' id='word_1_197' title='bbox 953 1824 1003 1873; x_wconf 86' lang='lat' dir='ltr'><strong>sibi</strong></span> <span class='ocrx_word' id='word_1_198' title='bbox 1023 1824 1132 1873; x_wconf 89' lang='lat' dir='ltr'><strong>licentia</strong></span> <span class='ocrx_word' id='word_1_199' title='bbox 1151 1830 1223 1874; x_wconf 86' lang='lat' dir='ltr'><strong>esset</strong></span> <span class='ocrx_word' id='word_1_200' title='bbox 1246 1839 1334 1875; x_wconf 89' lang='lat' dir='ltr'><strong>auum</strong></span> <span class='ocrx_word' id='word_1_201' title='bbox 1360 1837 1390 1874; x_wconf 83' lang='lat' dir='ltr'><strong>er</strong></span> 
     </span>
     <span class='ocr_line' id='line_1_43' title="bbox 883 1911 1391 1977; baseline 0.006 -18"><span class='ocrx_word' id='word_1_202' title='bbox 883 1911 971 1973; x_wconf 82' lang='lat' dir='ltr'><strong>«ipsis</strong></span> <span class='ocrx_word' id='word_1_203' title='bbox 983 1912 1181 1974; x_wconf 89' lang='lat' dir='ltr'><strong>constituendi,</strong></span> <span class='ocrx_word' id='word_1_204' title='bbox 1201 1914 1248 1977; x_wconf 92' lang='lat' dir='ltr'><strong>qui</strong></span> <span class='ocrx_word' id='word_1_205' title='bbox 1263 1914 1391 1976; x_wconf 87' lang='lat' dir='ltr'><strong>patrimo-</strong></span> 
     </span>
     <span class='ocr_line' id='line_1_44' title="bbox 884 1997 1393 2069; baseline 0.006 -22"><span class='ocrx_word' id='word_1_206' title='bbox 884 2000 979 2048; x_wconf 86' lang='lat' dir='ltr'><strong>«uium</strong></span> <span class='ocrx_word' id='word_1_207' title='bbox 994 1997 1061 2066; x_wconf 73' lang='grc' dir='ltr'><strong>(τὴν</strong></span> <span class='ocrx_word' id='word_1_208' title='bbox 1073 1999 1259 2069; x_wconf 78' lang='grc' dir='ltr'><strong><em>περιουσίαν)</em></strong></span> <span class='ocrx_word' id='word_1_209' title='bbox 1279 2002 1393 2051; x_wconf 87' lang='lat' dir='ltr'><strong>deberet</strong></span> 
     </span>
     <span class='ocr_line' id='line_1_45' title="bbox 883 2088 1392 2153; baseline 0.004 -17"><span class='ocrx_word' id='word_1_210' title='bbox 883 2088 1064 2138; x_wconf 80' lang='lat' dir='ltr'><strong>«diuoudere.</strong></span> <span class='ocrx_word' id='word_1_211' title='bbox 1106 2089 1175 2140; x_wconf 87' lang='lat' dir='ltr'><strong>Nam</strong></span> <span class='ocrx_word' id='word_1_212' title='bbox 1194 2091 1259 2153; x_wconf 90' lang='lat' dir='ltr'><strong>quia</strong></span> <span class='ocrx_word' id='word_1_213' title='bbox 1279 2089 1392 2139; x_wconf 88' lang='lat' dir='ltr'><strong>diliicile</strong></span> 
     </span>
     <span class='ocr_line' id='line_1_46' title="bbox 884 2178 1392 2242; baseline 0.01 -21"><span class='ocrx_word' id='word_1_214' title='bbox 884 2182 979 2236; x_wconf 85' lang='lat' dir='ltr'><strong>«crat,</strong></span> <span class='ocrx_word' id='word_1_215' title='bbox 1007 2190 1102 2226; x_wconf 86' lang='lat' dir='ltr'><strong>omncs</strong></span> <span class='ocrx_word' id='word_1_216' title='bbox 1126 2178 1154 2227; x_wconf 87' lang='lat' dir='ltr'><strong>iu</strong></span> <span class='ocrx_word' id='word_1_217' title='bbox 1174 2191 1260 2228; x_wconf 92' lang='lat' dir='ltr'><strong>uuum</strong></span> <span class='ocrx_word' id='word_1_218' title='bbox 1281 2190 1392 2242; x_wconf 90' lang='lat' dir='ltr'><strong>quoque</strong></span> 
     </span>
     <span class='ocr_line' id='line_1_47' title="bbox 884 2265 1393 2331; baseline 0.01 -19"><span class='ocrx_word' id='word_1_219' title='bbox 884 2265 950 2314; x_wconf 90' lang='lat' dir='ltr'><strong>«die</strong></span> <span class='ocrx_word' id='word_1_220' title='bbox 969 2266 1138 2325; x_wconf 85' lang='lat' dir='ltr'><strong>conuenire,</strong></span> <span class='ocrx_word' id='word_1_221' title='bbox 1168 2280 1255 2315; x_wconf 91' lang='lat' dir='ltr'><strong>uuum</strong></span> <span class='ocrx_word' id='word_1_222' title='bbox 1274 2279 1308 2316; x_wconf 85' lang='lat' dir='ltr'><strong>ex</strong></span> <span class='ocrx_word' id='word_1_223' title='bbox 1328 2269 1393 2331; x_wconf 79' lang='lat' dir='ltr'><strong>ipsis</strong></span> 
     </span>
     <span class='ocr_line' id='line_1_48' title="bbox 885 2353 1394 2416; baseline 0.012 -18"><span class='ocrx_word' id='word_1_224' title='bbox 885 2353 1080 2415; x_wconf 77' lang='lat' dir='ltr'><strong>«deligebant,</strong></span> <span class='ocrx_word' id='word_1_225' title='bbox 1101 2354 1148 2416; x_wconf 91' lang='lat' dir='ltr'><strong>qui</strong></span> <span class='ocrx_word' id='word_1_226' title='bbox 1166 2353 1303 2416; x_wconf 79' lang='lat' dir='ltr'><strong>Muqiatar</strong></span> <span class='ocrx_word' id='word_1_227' title='bbox 1320 2356 1394 2405; x_wconf 86' lang='lat' dir='ltr'><strong>dice·</strong></span> 
     </span>
     <span class='ocr_line' id='line_1_49' title="bbox 884 2442 1394 2500; baseline 0.018 -14"><span class='ocrx_word' id='word_1_228' title='bbox 884 2442 996 2500; x_wconf 88' lang='lat' dir='ltr'><strong>«batur,</strong></span> <span class='ocrx_word' id='word_1_229' title='bbox 1016 2448 1043 2491; x_wconf 85' lang='lat' dir='ltr'><strong>et</strong></span> <span class='ocrx_word' id='word_1_230' title='bbox 1061 2442 1108 2491; x_wconf 92' lang='lat' dir='ltr'><strong>ille</strong></span> <span class='ocrx_word' id='word_1_231' title='bbox 1129 2442 1229 2492; x_wconf 87' lang='lat' dir='ltr'><strong>deiude</strong></span> <span class='ocrx_word' id='word_1_232' title='bbox 1248 2445 1394 2495; x_wconf 85' lang='lat' dir='ltr'><strong>contrabe-</strong></span> 
     </span>
     <span class='ocr_line' id='line_1_50' title="bbox 885 2531 1395 2593; baseline 0.01 -15"><span class='ocrx_word' id='word_1_233' title='bbox 885 2531 1102 2590; x_wconf 74' lang='lat' dir='ltr'><strong>«balsamita,</strong></span> <span class='ocrx_word' id='word_1_234' title='bbox 1127 2531 1175 2593; x_wconf 90' lang='lat' dir='ltr'><strong>qai</strong></span> <span class='ocrx_word' id='word_1_235' title='bbox 1200 2544 1296 2582; x_wconf 83' lang='lat' dir='ltr'><strong>emere</strong></span> <span class='ocrx_word' id='word_1_236' title='bbox 1320 2534 1395 2583; x_wconf 87' lang='lat' dir='ltr'><strong>uole-</strong></span> 
     </span>
     <span class='ocr_line' id='line_1_51' title="bbox 883 2619 1395 2683; baseline 0.01 -18"><span class='ocrx_word' id='word_1_237' title='bbox 883 2619 979 2668; x_wconf 89' lang='lat' dir='ltr'><strong>«bant.</strong></span> <span class='ocrx_word' id='word_1_238' title='bbox 1008 2619 1156 2682; x_wconf 71' lang='lat' dir='ltr'><strong>fiebatque</strong></span> <span class='ocrx_word' id='word_1_239' title='bbox 1170 2619 1197 2668; x_wconf 91' lang='lat' dir='ltr'><strong>iu</strong></span> <span class='ocrx_word' id='word_1_240' title='bbox 1212 2621 1337 2683; x_wconf 85' lang='lat' dir='ltr'><strong>partibas</strong></span> <span class='ocrx_word' id='word_1_241' title='bbox 1352 2634 1395 2670; x_wconf 85' lang='lat' dir='ltr'><strong>ur·</strong></span> 
     </span>
     <span class='ocr_line' id='line_1_52' title="bbox 884 2706 1396 2771; baseline 0.014 -20"><span class='ocrx_word' id='word_1_242' title='bbox 884 2707 947 2755; x_wconf 86' lang='lat' dir='ltr'><strong>«bia</strong></span> <span class='ocrx_word' id='word_1_243' title='bbox 966 2706 1116 2756; x_wconf 76' lang='lat' dir='ltr'><strong>illustribus</strong></span> <span class='ocrx_word' id='word_1_244' title='bbox 1130 2708 1311 2771; x_wconf 88' lang='lat' dir='ltr'><strong>proscriptio,</strong></span> <span class='ocrx_word' id='word_1_245' title='bbox 1327 2709 1396 2759; x_wconf 86' lang='lat' dir='ltr'><strong>baec</strong></span> 
     </span>
     <span class='ocr_line' id='line_1_53' title="bbox 885 2793 1396 2856; baseline 0.014 -17"><span class='ocrx_word' id='word_1_246' title='bbox 885 2793 1081 2856; x_wconf 76' lang='lat' dir='ltr'><strong>«siguificauaz</strong></span> <span class='ocrx_word' id='word_1_247' title='bbox 1104 2795 1155 2843; x_wconf 87' lang='lat' dir='ltr'><strong>illc</strong></span> <span class='ocrx_word' id='word_1_248' title='bbox 1175 2795 1283 2844; x_wconf 85' lang='lat' dir='ltr'><strong>debitor</strong></span> <span class='ocrx_word' id='word_1_249' title='bbox 1304 2803 1396 2846; x_wconf 76' lang='lat' dir='ltr'><strong>nester</strong></span> 
     </span>
     <span class='ocr_line' id='line_1_54' title="bbox 885 2883 1397 2934; baseline 0.02 -9"><span class='ocrx_word' id='word_1_250' title='bbox 885 2883 936 2930; x_wconf 82' lang='lat' dir='ltr'><strong>«in</strong></span> <span class='ocrx_word' id='word_1_251' title='bbox 953 2895 1079 2931; x_wconf 80' lang='lat' dir='ltr'><strong>cunerem</strong></span> <span class='ocrx_word' id='word_1_252' title='bbox 1094 2883 1316 2933; x_wconf 76' lang='lat' dir='ltr'><strong>amamdationis</strong></span> <span class='ocrx_word' id='word_1_253' title='bbox 1331 2886 1397 2934; x_wconf 83' lang='lat' dir='ltr'><strong>inei-</strong></span> 
     </span>
     <span class='ocr_line' id='line_1_55' title="bbox 885 2970 1397 3033; baseline 0.018 -21"><span class='ocrx_word' id='word_1_254' title='bbox 885 2970 957 3021; x_wconf 87' lang='lat' dir='ltr'><strong>«dit,</strong></span> <span class='ocrx_word' id='word_1_255' title='bbox 977 2983 1027 3019; x_wconf 80' lang='lat' dir='ltr'><strong>nos</strong></span> <span class='ocrx_word' id='word_1_256' title='bbox 1041 2971 1184 3020; x_wconf 79' lang='lat' dir='ltr'><strong>crediturae</strong></span> <span class='ocrx_word' id='word_1_257' title='bbox 1195 2973 1397 3033; x_wconf 75' lang='lat' dir='ltr'><strong>patrimonium</strong></span> 
     </span>
     <span class='ocr_line' id='line_1_56' title="bbox 886 3057 1398 3123; baseline 0.016 -22"><span class='ocrx_word' id='word_1_258' title='bbox 886 3057 986 3106; x_wconf 78' lang='lat' dir='ltr'><strong>«baias</strong></span> <span class='ocrx_word' id='word_1_259' title='bbox 1003 3059 1197 3107; x_wconf 71' lang='lat' dir='ltr'><strong>distrahimus:</strong></span> <span class='ocrx_word' id='word_1_260' title='bbox 1225 3065 1332 3122; x_wconf 87' lang='lat' dir='ltr'><strong>emptor</strong></span> <span class='ocrx_word' id='word_1_261' title='bbox 1351 3062 1398 3123; x_wconf 84' lang='lat' dir='ltr'><strong>qai</strong></span> 
     </span>
     <span class='ocr_line' id='line_1_57' title="bbox 885 3145 1396 3211; baseline 0.018 -20"><span class='ocrx_word' id='word_1_262' title='bbox 885 3145 1106 3196; x_wconf 69' lang='lat' dir='ltr'><strong>adobrutum.»</strong></span> <span class='ocrx_word' id='word_1_263' title='bbox 1127 3147 1301 3211; x_wconf 75' lang='lat' dir='ltr'><strong>(Sequuntur</strong></span> <span class='ocrx_word' id='word_1_264' title='bbox 1311 3151 1396 3200; x_wconf 83' lang='lat' dir='ltr'><strong>uerba</strong></span> 
     </span>
     <span class='ocr_line' id='line_1_58' title="bbox 884 3235 1395 3301; baseline 0.014 -20"><span class='ocrx_word' id='word_1_265' title='bbox 884 3235 1011 3294; x_wconf 86' lang='lat' dir='ltr'><strong>superius</strong></span> <span class='ocrx_word' id='word_1_266' title='bbox 1039 3249 1067 3297; x_wconf 90' lang='lat' dir='ltr'><strong>p.</strong></span> <span class='ocrx_word' id='word_1_267' title='bbox 1090 3235 1136 3284; x_wconf 79' lang='lat'><strong>95.</strong></span> <span class='ocrx_word' id='word_1_268' title='bbox 1156 3237 1291 3301; x_wconf 82' lang='lat' dir='ltr'><strong>exhibita)</strong></span> <span class='ocrx_word' id='word_1_269' title='bbox 1319 3274 1326 3289; x_wconf 89' lang='lat'><strong>.</strong></span> <span class='ocrx_word' id='word_1_270' title='bbox 1352 3273 1359 3284; x_wconf 90' lang='lat'>.</span> <span class='ocrx_word' id='word_1_271' title='bbox 1389 3274 1395 3288; x_wconf 93' lang='lat'><em>.</em></span> 
     </span>
     <span class='ocr_line' id='line_1_59' title="bbox 885 3324 1398 3386; baseline 0.018 -21"><span class='ocrx_word' id='word_1_272' title='bbox 885 3328 1067 3386; x_wconf 78' lang='lat' dir='ltr'><strong>«emptorque</strong></span> <span class='ocrx_word' id='word_1_273' title='bbox 1091 3324 1243 3375; x_wconf 89' lang='lat' dir='ltr'><strong>uocabatur</strong></span> <span class='ocrx_word' id='word_1_274' title='bbox 1264 3326 1398 3375; x_wconf 86' lang='lat' dir='ltr'><strong>bonoram</strong></span> 
     </span>
     <span class='ocr_line' id='line_1_60' title="bbox 885 3415 1399 3478; baseline 0.025 -25"><span class='ocrx_word' id='word_1_275' title='bbox 885 3415 1399 3478; x_wconf 85' lang='lat' dir='ltr'><strong>«emptor,omnesqueacliones.quae</strong></span> 
     </span>
     <span class='ocr_line' id='line_1_61' title="bbox 885 3498 1399 3572; baseline 0.025 -31"><span class='ocrx_word' id='word_1_276' title='bbox 885 3498 1034 3548; x_wconf 82' lang='lat' dir='ltr'><strong>«subeunti</strong></span> <span class='ocrx_word' id='word_1_277' title='bbox 1053 3500 1189 3572; x_wconf 78' lang='lat' dir='ltr'><strong>bonorum</strong></span> <span class='ocrx_word' id='word_1_278' title='bbox 1205 3504 1399 3554; x_wconf 87' lang='lat' dir='ltr'><strong>uenditionem</strong></span> 
     </span>
     <span class='ocr_line' id='line_1_62' title="bbox 885 3588 1400 3655; baseline 0.025 -24"><span class='ocrx_word' id='word_1_279' title='bbox 885 3588 1114 3648; x_wconf 79' lang='lat' dir='ltr'><strong>«competebant,</strong></span> <span class='ocrx_word' id='word_1_280' title='bbox 1143 3593 1171 3637; x_wconf 92' lang='lat' dir='ltr'><strong>et</strong></span> <span class='ocrx_word' id='word_1_281' title='bbox 1194 3597 1333 3655; x_wconf 89' lang='lat' dir='ltr'><strong>quotquot</strong></span> <span class='ocrx_word' id='word_1_282' title='bbox 1354 3594 1400 3643; x_wconf 90' lang='lat' dir='ltr'><strong>ad·</strong></span> 
     </span>
     <span class='ocr_line' id='line_1_63' title="bbox 885 3679 1399 3735; baseline 0.023 -15"><span class='ocrx_word' id='word_1_283' title='bbox 885 3685 1001 3722; x_wconf 84' lang='lat' dir='ltr'><strong>«uersus</strong></span> <span class='ocrx_word' id='word_1_284' title='bbox 1019 3687 1082 3723; x_wconf 89' lang='lat' dir='ltr'><strong>eum</strong></span> <span class='ocrx_word' id='word_1_285' title='bbox 1099 3683 1196 3735; x_wconf 84' lang='lat' dir='ltr'><strong>eraut,</strong></span> <span class='ocrx_word' id='word_1_286' title='bbox 1218 3679 1286 3728; x_wconf 84' lang='lat' dir='ltr'><strong>illae</strong></span> <span class='ocrx_word' id='word_1_287' title='bbox 1304 3681 1334 3731; x_wconf 92' lang='lat' dir='ltr'><strong>iu</strong></span> <span class='ocrx_word' id='word_1_288' title='bbox 1355 3682 1399 3730; x_wconf 90' lang='lat' dir='ltr'><strong>bo·</strong></span> 
     </span>
     <span class='ocr_line' id='line_1_64' title="bbox 885 3767 1400 3824; baseline 0.025 -18"><span class='ocrx_word' id='word_1_289' title='bbox 885 3773 1005 3810; x_wconf 90' lang='lat' dir='ltr'><strong>«noram</strong></span> <span class='ocrx_word' id='word_1_290' title='bbox 1024 3767 1175 3824; x_wconf 90' lang='lat' dir='ltr'><strong>emptorem</strong></span> <span class='ocrx_word' id='word_1_291' title='bbox 1192 3767 1400 3818; x_wconf 78' lang='lat' dir='ltr'><strong>transfereban-</strong></span> 
     </span>
     <span class='ocr_line' id='line_1_65' title="bbox 885 3851 1401 3919; baseline 0.025 -24"><span class='ocrx_word' id='word_1_292' title='bbox 885 3853 969 3908; x_wconf 82' lang='lat' dir='ltr'><strong>«tor,</strong></span> <span class='ocrx_word' id='word_1_293' title='bbox 989 3855 1070 3913; x_wconf 88' lang='lat' dir='ltr'><strong>atque</strong></span> <span class='ocrx_word' id='word_1_294' title='bbox 1090 3851 1193 3901; x_wconf 89' lang='lat' dir='ltr'><strong>utiliter</strong></span> <span class='ocrx_word' id='word_1_295' title='bbox 1212 3859 1240 3903; x_wconf 84' lang='lat' dir='ltr'><strong>et</strong></span> <span class='ocrx_word' id='word_1_296' title='bbox 1259 3858 1362 3919; x_wconf 78' lang='lat' dir='ltr'><strong>agebat</strong></span> <span class='ocrx_word' id='word_1_297' title='bbox 1374 3862 1401 3907; x_wconf 88' lang='lat' dir='ltr'><strong>et</strong></span> 
     </span>
     <span class='ocr_line' id='line_1_66' title="bbox 885 3938 1401 3999; baseline 0.019 -16"><span class='ocrx_word' id='word_1_298' title='bbox 885 3938 1140 3999; x_wconf 82' lang='lat' dir='ltr'><strong>«conueniebatur‚</strong></span> <span class='ocrx_word' id='word_1_299' title='bbox 1167 3942 1249 3992; x_wconf 85' lang='lat' dir='ltr'><strong>sicuti</strong></span> <span class='ocrx_word' id='word_1_300' title='bbox 1271 3951 1301 3995; x_wconf 88' lang='lat' dir='ltr'><strong>et</strong></span> <span class='ocrx_word' id='word_1_301' title='bbox 1320 3946 1401 3995; x_wconf 85' lang='lat' dir='ltr'><strong>bono-</strong></span> 
     </span>
     <span class='ocr_line' id='line_1_67' title="bbox 886 4030 1402 4099; baseline 0.033 -31"><span class='ocrx_word' id='word_1_302' title='bbox 886 4036 966 4072; x_wconf 85' lang='lat' dir='ltr'><strong>«ram</strong></span> <span class='ocrx_word' id='word_1_303' title='bbox 973 4039 1127 4087; x_wconf 78' lang='lat' dir='ltr'><strong>possessor:</strong></span> <span class='ocrx_word' id='word_1_304' title='bbox 1137 4030 1220 4079; x_wconf 90' lang='lat' dir='ltr'><strong>ambo</strong></span> <span class='ocrx_word' id='word_1_305' title='bbox 1232 4033 1312 4084; x_wconf 89' lang='lat' dir='ltr'><strong>euim</strong></span> <span class='ocrx_word' id='word_1_306' title='bbox 1323 4048 1402 4099; x_wconf 83' lang='lat' dir='ltr'><strong>prae·</strong></span> 
     </span>
     <span class='ocr_line' id='line_1_68' title="bbox 885 4115 1275 4168; baseline 0.018 -10"><span class='ocrx_word' id='word_1_307' title='bbox 885 4115 968 4161; x_wconf 81' lang='lat' dir='ltr'><strong>«torti</strong></span> <span class='ocrx_word' id='word_1_308' title='bbox 987 4120 1050 4163; x_wconf 87' lang='lat' dir='ltr'><strong>suut</strong></span> <span class='ocrx_word' id='word_1_309' title='bbox 1068 4129 1275 4168; x_wconf 78' lang='lat' dir='ltr'><strong>successores.»</strong></span> 
     </span>
    </p>
   </div>
   <div class='ocr_carea' id='block_1_13' title="bbox 0 0 1570 5046">
    <p class='ocr_par' dir='ltr' id='par_1_13' title="bbox 0 0 1570 5046">
     <span class='ocr_line' id='line_1_69' title="bbox 0 0 1570 5046; baseline 0 0"><span class='ocrx_word' id='word_1_310' title='bbox 0 0 1570 5046; x_wconf 95' lang='lat' dir='ltr'><strong> </strong></span> 
     </span>
    </p>
   </div>
  </div>
 </body>
</html>
