3114 5046
322 361 359 407 vl

322 516 438 584 torum
472 504 639 599 iudiciis,
667 504 834 606 numquid
859 507 939 580 ueri
965 507 1185 600 inuenerim,
1215 506 1388 602 edoceri,

322 668 422 740 iuuat
447 664 603 765 denique
629 665 760 741 leuiori
787 664 942 765 quodam
968 669 1161 741 tentamine
1188 669 1287 743 uires
1315 690 1388 743 ex·

322 826 451 927 periri,
478 825 670 924 quinetiam
696 823 744 899 ad
769 826 905 899 maiora
930 825 1080 898 animum
1105 847 1336 927 praeparare.

398 1039 494 1114 Nam
528 1064 550 1113 a
581 1042 759 1142 principio
792 1038 957 1140 quidem,
1001 1047 1040 1115 ut
1075 1049 1182 1115 antea
1213 1039 1311 1135 dixi,
1352 1043 1391 1115 in

323 1196 426 1272 libris
463 1196 657 1274 rhetoricis
696 1197 960 1300 perlustrandis
997 1201 1091 1274 iutra
1126 1201 1215 1274 iuris
1252 1199 1390 1301 publici

323 1381 369 1434 ac
394 1359 524 1459 priuati
550 1356 641 1433 fines
673 1357 841 1435 consulto
872 1381 930 1434 me
966 1360 1147 1451 continui,
1185 1383 1269 1434 raro
1298 1381 1389 1436 cae-

323 1524 479 1592 terarum
509 1540 626 1592 rerum
661 1520 890 1618 antiquitates
925 1519 1047 1618 attigi,
1086 1520 1232 1595 criticas
1268 1526 1391 1593 autem

323 1679 580 1776 quaestiones,
620 1678 691 1750 nisi
728 1679 871 1753 omnino
903 1700 965 1752 res
1004 1677 1208 1777 flagitaret,
1253 1685 1315 1750 aut
1353 1680 1392 1750 in

324 1837 413 1910 iuris
440 1838 650 1935 cognitione
676 1835 887 1911 uiderentur
909 1843 1010 1911 totae
1031 1838 1190 1928 uersari,
1218 1843 1390 1937 praeter·

325 1997 425 2086 misi,
463 1992 639 2094 aliamque
665 2002 763 2070 ratus
792 1994 1045 2070 Grammatici
1069 1993 1175 2068 aliam
1199 1994 1390 2070 Iorccoa·

324 2155 417 2229 nati
432 2156 653 2254 prouinciam
673 2176 777 2248 esse,
805 2157 1017 2229 tutissimum
1038 2152 1147 2247 duxi,
1175 2161 1280 2229 uetus
1298 2151 1391 2228 illud

322 2309 386 2387 Nc
424 2321 534 2389 mcor
567 2336 692 2413 sopra
734 2312 929 2415 crepidam
967 2337 1070 2414 quam
1109 2313 1391 2413 religiosissime

325 2471 534 2548 obseruare.
596 2471 711 2572 ldqne
746 2473 920 2551 facillime
957 2477 1093 2567 cessit,
1138 2481 1315 2572 quatenus
1352 2475 1391 2546 in

323 2630 426 2706 libris
461 2631 536 2706 illis
572 2631 764 2727 uersabar,
803 2636 862 2733 qui
898 2637 1033 2709 oratori
1064 2629 1288 2707 instituendo
1315 2653 1390 2705 non

323 2795 392 2866 iuri
418 2790 589 2869 docendo
616 2792 805 2885 destinati,
834 2791 1004 2893 exempla
1029 2793 1144 2890 magis
1173 2794 1296 2864 einre
1319 2815 1389 2890 pu·

324 2949 422 3026 blico
443 2975 488 3028 ac
511 2952 653 3053 priuato
676 2952 778 3049 qnasi
800 2957 903 3025 sorte
923 2946 1033 3027 ducta
1048 2964 1269 3054 receperunt
1285 2981 1390 3056 quam

323 3111 438 3210 ipsam
464 3107 672 3211 disputandi
697 3112 881 3184 materiam
906 3107 993 3185 inde
1018 3114 1235 3212 petiuerunt.

401 3340 483 3417 Sed
513 3340 574 3416 nbi
603 3344 751 3445 primum
781 3341 829 3417 ad
860 3345 1045 3420 orationes
1076 3348 1240 3438 accessi,
1286 3372 1391 3446 quam

323 3500 473 3575 diuersa
498 3503 608 3576 totius
634 3504 689 3577 rei
715 3502 831 3580 iacies
858 3505 1000 3577 extitit!

400 3659 526 3737 Pauca
560 3659 640 3738 illic
675 3684 698 3735 e
734 3663 813 3736 iure
850 3685 895 3740 ao
932 3670 1069 3739 temere
1106 3663 1284 3759 disiecta,
1328 3665 1391 3744 hic

323 3819 475 3921 plurima
500 3828 676 3920 certoque
702 3820 858 3897 consilio
884 3828 1100 3928 composita
1163 3825 1245 3901 lllic
1275 3824 1390 3899 ueluti

322 3979 434 4054 flores
475 3980 730 4058 oblectationis
779 3987 1046 4084 ornamentique
1085 4007 1217 4063 caussa
1255 3982 1390 4059 leuiter

323 4137 508 4241 decerpti,
545 4138 604 4217 hic
639 4140 780 4216 solidus
819 4166 898 4220 cum
924 4140 1051 4218 labore
1078 4148 1116 4216 et
1142 4139 1281 4217 cultura
1306 4141 1386 4216 sru-
