3114 5046
338 379 399 443 int
448 376 543 480 Gap.
568 378 603 453 1.
654 375 716 454 Do
740 382 826 454 iore
851 402 1011 455 ooaeeoe
1039 377 1307 468 Qatndtonoe.

169 574 317 674 &⁸⁸32
337 564 432 651 Quos
454 588 552 654 quum
583 572 784 654 procurator
811 569 1036 655 appellasset,
1071 587 1114 639 ne
1143 569 1243 635 unius
1269 588 1313 657 qu

171 692 317 731 '’⁸⁸¹⁴⁸··‘···
336 692 447 777 potuit
483 696 616 757 certam
652 691 828 757 owdiam
862 684 1116 775 impetrore²⁸).-
1167 689 1256 774 θυῖε
1289 708 1313 758 a

335 808 574 898 procurator?
607 811 735 897 Nempe
756 810 843 877 idem
864 813 921 878 llle
941 809 1112 903 Alsenos,
1144 831 1241 898 quem
1262 816 1298 880 et

336 935 417 999 tium
439 932 551 999 studio
565 926 604 1013 99)
626 934 661 999 et
682 931 806 1023 Bruta,
840 934 896 1020 qui
917 934 1071 1000 tribunus
1091 934 1201 1020 plebis
1220 937 1290 1000 tum
1310 968 1313 987 1

336 1055 565 1121 familiaritate
580 1048 617 1135 ³⁰)
656 1055 828 1140 plurimum
867 1056 1038 1141 potuisse,
1075 1058 1255 1141 quinetiam
1289 1073 1313 1124 e

336 1176 503 1243 Burrieno
525 1173 690 1242 Praetore
712 1176 938 1242 turbulentius
960 1177 1091 1266 egisse,
1118 1180 1220 1263 atque
1241 1175 1287 1243 ad
1308 1199 1313 1243 i

337 1301 460 1366 tionem
482 1316 590 1384 prope
611 1299 694 1364 iaris
715 1297 993 1384 disceptationem
1014 1295 1213 1383 perduxisse
1226 1292 1281 1383 ⁸¹),
1302 1319 1313 1365 t

338 1439 445 1507 quea
472 1420 580 1486 Bruto
612 1420 688 1508 illo,
723 1422 751 1485 ai
784 1439 852 1486 non
883 1422 1003 1486 iustam
1037 1423 1313 1487 intercessionem

337 1542 414 1624 plus
433 1560 541 1628 aequo
564 1545 675 1608 tamen
700 1535 947 1628 impetrasse³²l
975 1541 1062 1609 adeo
1090 1544 1304 1629 perspicuum

337 1667 375 1729 ut
405 1664 478 1748 ipse
510 1663 664 1753 Tollius,
698 1682 796 1749 quum
828 1683 953 1729 summo
987 1667 1080 1731 oerte
1109 1664 1221 1731 studio
1254 1661 1313 1747 Qu

337 1803 491 1852 caussam
520 1784 736 1872 defenderet,
770 1788 901 1871 istaque
929 1789 1039 1852 omnia
1064 1805 1086 1852 a
1112 1784 1313 1873 patronoN

337 1908 498 1974 acerrime
534 1911 649 1973 essent
676 1908 852 1996 exagitata
886 1911 989 1994 atque
1020 1909 1056 1973 in
1091 1907 1200 1973 odium
1236 1925 1313 1975 uera

338 2029 445 2095 satius
473 2031 585 2095 tamen
622 2027 776 2115 duxerit,
817 2048 886 2095 rem
921 2030 1144 2115 turpissimam
1179 2029 1313 2096 inuidioi

374 2378 421 2447 28)
440 2396 465 2434 o.
490 2383 518 2435 ’1.
543 2387 610 2434 extr.
643 2381 844 2448 «Appellantur
901 2382 1037 2444 coedent,
1065 2394 1121 2431 non
1147 2386 1313 2445 proonraton

340 2472 482 2523 otribunl:
510 2484 526 2522 ι
550 2471 648 2536 quibua
669 2485 754 2536 quum
773 2478 844 2525 esset
900 2470 1040 2534 «Quinctil
1063 2469 1202 2521 neminem
1225 2469 1313 2523 initae

340 2566 467 2612 «oenum
492 2560 623 2612 auxilium
648 2561 776 2625 petitum,
806 2562 843 2613 lta
900 2559 1071 2622 ogradosum
1089 2557 1183 2609 inisse·
1225 2558 1297 2612 itini

340 2656 419 2702 etum
437 2650 599 2711 disceditur,
619 2653 648 2700 ut
665 2649 759 2700 ldlbua
778 2649 844 2714 Sep-
900 2647 957 2698 aad
976 2647 1143 2698 uincendum
1161 2646 1228 2697 aetla
1245 2654 1304 2710 ast,

341 2739 514 2790 oternbrilrua
542 2738 572 2788 l).
601 2737 758 2801 Quinotium
785 2740 842 2789 aiatl
901 2742 1150 2800 «procuratorem»
1177 2734 1228 2785 rel.
1259 2760 1293 2774 -

340 2826 423 2879 «Ser.
432 2827 546 2878 Alienus
555 2826 751 2891 promitteret.»
763 2826 841 2878 conl.
900 2839 925 2876 o.
944 2824 989 2875 28.
1010 2825 1038 2874 in
1056 2825 1125 2884 line,
1153 2834 1267 2888 «neque
1284 2837 1313 2889 p(

339 2929 364 2966 o.
384 2915 429 2966 20.
449 2915 506 2966 «At
523 2915 612 2975 enim,
636 2915 843 2979 tribuniplebis
901 2912 1106 2976 «procuratoris
1137 2913 1242 2965 Naeuio
1272 2912 1313 2965 lut

340 3016 398 3054 one
416 3005 561 3055 audierunt
579 3003 733 3068 quidem..
749 3039 757 3054 .
773 3004 843 3068 Quid
901 3007 1020 3067 optuma
1038 3002 1089 3054 rel.

339 3091 384 3142 «tl
403 3092 441 3144 tl.
460 3093 559 3143 lirutua
578 3092 789 3143 intercessurum
815 3105 844 3142 to
935 3088 981 3154 30)
1000 3091 1027 3140 d.
1046 3104 1072 3141 e.
1092 3091 1136 3143 21.
1162 3091 1277 3155 «Bruti,
1301 3090 1313 3142 l

340 3181 428 3233 edixit
458 3181 566 3246 palam,
596 3181 649 3231 niel
679 3180 743 3245 quid
774 3181 845 3230 inter
901 3176 1051 3242 «(Δῐίωω)
1066 3177 1296 3243 amiterninam,

341 3270 452 3334 «lpaurn
463 3269 592 3320 Alienum
602 3275 629 3320 et
637 3269 771 3321 Naeuium
781 3283 845 3320 oon·
901 3269 946 3318 «ia
959 3268 1152 3318 intercedebat
1176 3268 1219 3319 Tu
1231 3275 1313 3322 oontn

341 3359 513 3409 eueniretta
903 3356 1015 3406 oriani»
1034 3356 1085 3407 rol.

375 3445 422 3511 29)
441 3460 466 3497 o.
486 3447 530 3497 at.
551 3446 670 3497 r...td
689 3446 761 3510 quod
776 3445 845 3497 lior
935 3444 1313 3505 t1re.r.«.tttenm...oo

342 3535 500 3596 «temtum,
520 3535 583 3600 quia
598 3548 686 3598 nuper
698 3534 805 3594 iniecit,
818 3539 846 3584 et
901 3530 1046 3595 amaeam)
1057 3567 1063 3580 .
1076 3568 1083 3583 .
1096 3570 1103 3584 .
1117 3533 1238 3597 quotidie
1250 3546 1313 3597 pugi

342 3624 428 3687 «qula
445 3623 565 3675 Naeuius
583 3636 692 3686 semper
711 3623 738 3673 id
751 3621 846 3672 elauri·
901 3621 1050 3671 «utebatur
1063 3620 1246 3684 populorum
1259 3632 1313 3672 arto

341 3717 422 3773 atat,
454 3713 589 3762 dicturum
616 3711 756 3771 arbitror,
787 3723 844 3759 uon
903 3715 1016 3773 «pterea
1040 3709 1184 3773 quoditie
1209 3714 1293 3773 eaput

340 3798 845 3864 «lnieeeNaeuioparemoertatlonern
902 3811 979 3848 anon
998 3797 1167 3848 desinebat.»

341 3902 424 3939 «oum
441 3888 540 3938 Alieno
558 3887 606 3938 illo
628 3893 762 3951 tempora,
789 3886 845 3936 illle
935 3883 981 3947 32)
1000 3885 1069 3936 Vide
1086 3899 1168 3950 supra
1186 3891 1244 3937 not.
1262 3884 1312 3939 28.

341 3977 586 4028 «dominantibnat
615 3975 693 4039 Quod
718 3975 741 4025 ai
759 3973 844 4025 uelim
934 3972 980 4038 33)
1000 3974 1067 4025 Vide
1085 3975 1237 4025 anteriores
1260 3979 1313 4027 not

341 4065 501 4126 «eoniiteri,
528 4064 613 4127 illud,
641 4065 754 4128 opinor,
780 4077 845 4114 oon·
900 4068 928 4113 et
944 4062 988 4115 at.
