3114 5046
397 390 460 453 398
500 386 595 486 Cup.
624 387 659 459 Ι.
712 383 885 458 Dolore
912 403 1073 454 cumeae
1101 379 1372 458 commanus.

231 616 302 661 Μ.
321 618 379 660 η..-
461 549 590 670 Qulbus
610 585 762 655 omnibus
783 581 1006 650 consideratis
1022 584 1107 644 sutis
1127 582 1189 646 ium
1206 584 1318 648 unlmo
1336 583 1465 650 mureto

231 674 366 786 'ms'
397 728 440 777 eo
462 708 606 794 secedo,
636 711 672 772 ut
695 724 831 792 negem,
855 706 968 786 trium,
992 702 1187 788 quae-(lixi,
1215 705 1367 771 locorum
1391 709 1466 772 uul-

293 877 297 886 .
396 835 511 922 gutum
532 830 708 895 lectionem
740 828 808 891 ullo
831 824 928 890 modo
951 824 1031 889 ferri
1055 844 1167 909 posse.
1222 823 1329 892 Utin
1360 846 1467 912 penes

397 952 586 1026 conteram,
607 951 657 1015 sie
677 951 851 1031 existimo,
872 964 939 1010 non
962 950 1048 1011 eieci
1070 949 1103 1011 et
1122 951 1272 1036 eiectus,
1294 947 1357 1013 sed
1374 954 1467 1014 rete.

398 1077 432 1139 cl
452 1079 486 1138 et
507 1076 658 1137 retectus
680 1068 835 1135 'licilium
857 1069 1046 1151 scripsisse.

435 1192 563 1260 .certe
592 1190 681 1256 houd
712 1208 812 1255 secus
841 1189 925 1254 liaeo
949 1193 1050 1272 utque
1074 1191 1224 1256 illumin
1247 1190 1372 1256 littera
1394 1210 1467 1258 cum

398 1315 538 1380 uocibus
570 1313 682 1390 deieci
708 1319 742 1375 et
774 1312 929 1376 deiectus
957 1309 1135 1394 differunt,
1169 1311 1257 1395 quud
1288 1315 1320 1376 in
1350 1317 1468 1397 queuis

399 1437 467 1501 ulie
487 1436 680 1501 coniectum
702 1435 758 1498 uix
782 1434 979 1497 inuenietur.

446 1556 536 1625 .Neu
569 1555 692 1620 desunt
724 1556 791 1619 ullu
830 1553 929 1619 huius
968 1552 1211 1619 emendationis
1251 1553 1467 1620 firmamenta.

400 1674 532 1744 Sensus
554 1678 677 1760 optime
700 1678 878 1754 conuenit,
912 1680 946 1739 et
969 1674 1173 1762 suffragetur
1195 1694 1262 1739 non
1285 1679 1468 1742 communis

400 1800 507 1866 solum
530 1797 739 1866 consuetudo
760 1799 940 1879 sermonis,
972 1814 1085 1861 uerum
1113 1798 1210 1861 etium
1240 1814 1339 1881 quem
1363 1791 1468 1862 Cice·

401 1925 537 1987 cernuis
560 1921 730 2004 ipsiusque
754 1919 851 1983 huius
865 1921 1028 1983 orationis
1051 1920 1219 2002 proprium
1239 1917 1355 1984 dicere
1376 1919 1467 1984 licet.

402 2040 450 2108 Ut
470 2060 551 2108 eece
573 2041 662 2128 quod
685 2044 717 2105 in
741 2060 815 2125 cup.
838 2039 870 2100 9.
891 2039 1042 2105 confiteri
1065 2039 1188 2104 dieitur
1207 2036 1398 2105 Aebutius:

468 2193 480 2223 ι
613 2181 656 2226 ne
692 2160 875 2228 secederes
905 2162 1038 2240 obstiti,
1072 2160 1162 2225 ferro
1297 2166 1334 2224 te
1365 2163 1467 2226 reieci

468 2289 592 2368 satque
614 2284 779 2366 perterrui
792 2312 804 2340 ι
817 2329 826 2360 ,

401 2404 522 2472 deinde
545 2407 578 2468 in
601 2421 675 2489 cup.
698 2401 768 2468 it.:

467 2524 598 2608 Quid,
621 2527 743 2611 inquit,
773 2525 837 2590 huo
858 2525 902 2589 uli
924 2525 980 2587 ilio
1003 2514 1146 2589 differt?
1180 2527 1217 2587 ut
1240 2525 1295 2589 ille
1319 2532 1464 2613 cogetur

465 2651 683 2723 «restituere,
732 2649 785 2732 qui
830 2648 1017 2735 ingressum
1060 2647 1247 2730 expulerit,
1287 2648 1365 2728 ille,
1415 2650 1466 2732 qui

467 2769 736 2858 tingreilieotem
760 2768 944 2852 repulerit,
967 2785 1034 2830 non
1057 2759 1258 2854 cogetur?”

400 2897 434 2955 et
458 2893 490 2954 ln
514 2910 587 2975 cup.
613 2892 676 2954 i'i.:

466 3017 525 3076 «te
548 3013 720 3076 obstitisse
743 3022 777 3074 et
800 3014 965 3096 repulisse
988 3011 1101 3075 dieis·

398 3355 481 3404 tinum
496 3369 518 3404 s.
534 3370 558 3406 v.
570 3355 623 3414 lie,
638 3356 655 3404 i.
668 3356 682 3404 i.
697 3369 722 3415 p.
735 3355 796 3404 1113.
819 3370 831 3398 o
841 3356 904 3404 Pro·
962 3355 1108 3406 «diuersuz
1130 3370 1213 3418 quere
1223 3357 1325 3407 librarii
1340 3359 1406 3408 haec
1420 3373 1489 3407 uo*

400 3443 480 3505 «pris
490 3449 530 3494 est
544 3443 624 3492 ouius
635 3446 838 3504 praepositionis
851 3446 902 3502 uis,
962 3459 975 3487 o
983 3443 1076 3494 cehuie
1088 3453 1331 3504 comminuerunt,
1352 3450 1476 3497 uoicunv

400 3535 574 3582 «utentium
603 3534 641 3580 rei
672 3544 725 3581 uns
748 3545 808 3582 cum
831 3544 900 3581 nexu
962 3535 1154 3596 oqueliouito
1174 3534 1222 3586 rel.
1261 3535 1338 3585 Coni.
1357 3537 1425 3585 ibid.
1440 3551 1473 3597 p.

400 3619 537 3679 uindicet,
558 3632 612 3683 quo
628 3634 669 3670 res
685 3626 846 3671 metuentes
861 3633 903 3670 eo·
960 3622 1021 3671 liii.
1061 3623 1122 3672 ulis
1146 3623 1185 3673 iris
1214 3625 1388 3688 intelligitur.
1423 3627 1483 3676 iri*

400 3708 546 3760 «haeserit.
568 3710 636 3759 ilino
649 3711 673 3760 ei
685 3710 810 3760 tribuitur
823 3713 902 3760 etiem
962 3723 1041 3759 «sum
1060 3724 1118 3762 esse
1139 3715 1293 3773 opinionem
1310 3715 1469 3777 uulgarem,

400 3796 467 3846 «illu
486 3803 617 3858 potestus,
640 3810 708 3861 quse
727 3798 844 3849 declaret
855 3801 903 3849 eli·
961 3813 1036 3863 oque
1055 3805 1219 3862 grammatici
1243 3803 1352 3864 plurimi
1374 3805 1406 3852 rie
1430 3803 1478 3851 dir

400 3884 489 3947 «quid
508 3891 625 3947 proxime
647 3888 680 3938 eb
697 3889 789 3950 utique
808 3903 836 3939 re
850 3889 902 3938 sol·
960 3896 1047 3938 «eunt
1058 3893 1164 3951 proprie
1178 3904 1234 3941 esse
1246 3891 1380 3940 deorsum
1402 3892 1471 3940 iiim

401 3976 466 4033 «ui,
486 3976 529 4024 uei
551 3989 582 4026 ex
596 3979 652 4038 ipss
670 3990 697 4027 re
717 3981 816 4029 exire.»
836 3978 901 4026 iiid.
960 3977 1048 4027 «lieee
1066 3980 1141 4027 notio
1158 3982 1304 4040 superioris
1324 3980 1375 4031 ioci
1392 3995 1477 4031 ecce*

401 4076 428 4124 p.
453 4063 515 4112 186.
539 4077 596 4125 seq.
642 4065 702 4114 «lix
727 4067 766 4116 liis
793 4065 900 4122 uerbis,
960 4065 1037 4117 odit,
1063 4074 1145 4130 eique
1165 4071 1245 4119 etium
1271 4081 1319 4130 per
1342 4085 1359 4119 a
1381 4073 1474 4131 expri-

401 4164 493 4213 «quue
518 4164 578 4201 cum
599 4154 630 4201 cie
651 4155 814 4215 iunguntur,
848 4168 900 4203 non
960 4158 1092 4205 emitur.»
1122 4182 1152 4192 -
1192 4157 1268 4207 Conl.
1294 4156 1460 4211 limusiorn.

401 4252 508 4300 «peuce
526 4248 663 4292 assumunt
684 4255 731 4296 ee,
752 4257 830 4294 sensu
847 4256 900 4294 uon
959 4240 1109 4295 Grommut.
1126 4247 1186 4295 lut.
1207 4244 1237 4308 ss.
1248 4247 1310 4296 150.
1326 4259 1353 4307 p.
1368 4243 1430 4297 iiii.
