3114 5046
53 345 89 423 §-
105 336 143 406 7.
171 332 235 408 Δ·.
252 331 318 420 0·.
337 333 525 407 abeodem
542 341 644 407 recte
661 331 871 432 &feodati
887 354 1013 407 necate.
1055 333 1112 395 131

54 540 226 617 praesens
247 524 321 607 ipse
353 521 507 587 iudicium
538 525 723 607 acciperet,
760 521 927 588 satisdare
959 521 1115 610 deberet,
1135 529 1283 639 ,mat

53 643 181 710 modica
209 643 350 729 quadam
379 661 487 730 neque
515 645 716 709 intolerabili
745 645 881 730 licentia
910 642 975 709 dici
1003 645 1117 728 potest
1134 644 1180 683 0¹³⁰·

55 763 238 845 Quinctius
259 763 426 830 satisdare
447 767 559 830 iussus
580 783 673 851 esse,
701 784 800 850 quum
827 767 968 851 propter
987 784 1116 851 perso-

54 889 157 952 nalem
192 885 315 952 domini
348 885 576 968 condicionem
612 881 762 972 Alfenus
796 891 1006 968 procurator
1013 936 1024 976 ,
1062 889 1115 972 qui

55 1013 154 1076 uicem
179 1010 253 1074 eius
273 1009 422 1093 teneret,
446 1009 557 1073 iussus
577 1010 681 1073 esset.

111 1168 260 1234 Constat
282 1167 404 1253 igitur,
434 1167 464 1230 si
485 1166 633 1255 genuina
654 1166 699 1231 sit
721 1153 915 1232 Hotomuot
935 1165 1037 1232 lectio
1059 1185 1117 1231 ru-

58 1309 203 1371 rsusne,
235 1292 519 1376 procuratorium
547 1288 636 1352 illam
664 1285 895 1352 satisdationls
927 1287 1117 1377 exigendae

60 1427 220 1494 massam,
243 1427 338 1494 quam
360 1407 471 1475 adhuc
492 1406 718 1494 defendimus,
739 1412 833 1474 stare
854 1427 921 1474 non
944 1427 1055 1494 posse.

112 1529 168 1596 Ex
193 1550 260 1616 quo
280 1530 377 1595 simul
399 1537 510 1595 tamen
531 1529 692 1616 eillcitur,
722 1530 848 1612 omnia,
876 1530 996 1615 quibus
1015 1535 1118 1596 antea

62 1653 317 1736 procuratorium
338 1651 426 1718 lianc
447 1669 599 1718 caussam
620 1652 764 1737 probare
778 1628 979 1738 studuimus,
1001 1651 1117 1717 'eadem

62 1777 184 1839 ratione
206 1774 306 1840 etiam
327 1772 372 1839 ad
392 1771 617 1838 infirmandam
633 1772 925 1858 repellendamque
940 1773 1116 1839 lectionem
1175 1801 1177 1805 ⁷

62 1895 216 1961 oleam
237 1895 361 1960 ualere.

113 2018 189 2082 Illis
211 2035 294 2082 uero
316 2017 524 2105 argumentis
545 2035 642 2101 quum
666 2013 834 2083 Codicum
855 2015 944 2083 Mea.
965 2019 1117 2084 auctori-

60 2141 152 2203 tatem
175 2136 390 2224 adiunxeris,
423 2157 507 2224 quos
534 2137 578 2204 ad
604 2157 702 2203 unum
724 2157 839 2203 omnes
859 2138 1035 2205 lectionem
1056 2144 1117 2205 ui·

59 2260 179 2326 debore
202 2262 290 2325 tueri
312 2263 547 2348 cognorimus,
579 2278 622 2325 ex
651 2263 735 2326 artis
763 2262 901 2326 criticae
926 2256 1141 2345 praeceptis

58 2381 338 2466 expeditissimum
359 2399 443 2447 sane
464 2381 529 2448 erit
550 2385 718 2469 statuere,
740 2382 806 2447 nisi
828 2385 990 2448 communi
1010 2378 1117 2449 Codi-

57 2520 121 2568 cum
144 2502 286 2568 lectioni
308 2502 449 2569 idoneus
469 2521 590 2569 sensus
611 2503 712 2588 plane
733 2503 845 2568 nullus
867 2503 941 2569 elici
959 2504 1117 2588 potuerit,

57 2627 279 2691 coniecturam
298 2607 398 2690 ¹istam
419 2623 600 2710 iudebure,
628 2643 672 2688 ne
694 2642 755 2708 per
777 2643 816 2690 se
838 2622 968 2709 quidem
990 2626 1117 2709 proba-

59 2745 165 2830 tilem,
189 2745 377 2811 omnimodo
400 2764 477 2812 esse
498 2744 748 2830 repudiandam.

92 2916 279 2983 Videamus
306 2919 426 3006 igitur,
461 2917 600 3005 uulgata
622 2919 805 3003 antiquitus
828 2918 929 2984 lectio
951 2918 1117 3019 videbare

67 3037 326 3120 quemadmodum
359 3039 594 3127 intelligatur,
630 3044 871 3128 oppugnetur,
915 3038 1117 3124 defendique

70 3163 170 3239 possit.

119 3316 189 3400 Qua
213 3317 315 3385 dere
340 3313 579 3386 Gerutoutus:
615 3315 777 3404 ·Cicero‚
812 3321 934 3407 inquit,
966 3339 1040 3387 cum
1061 3292 1129 3386 di-¹

10 3490 12 3533 q
125 3442 252 3506 unisset
278 3437 417 3507 Iitiurtu
446 3439 668 3529 postulabas,
702 3440 830 3507 addidit
851 3446 904 3508 ita
933 3443 1118 3532 uidebarc,

10 3536 12 3555 ¹
126 3561 328 3627 modestiae
350 3579 487 3644 caussa,
519 3580 563 3627 ne
587 3562 620 3626 in
643 3564 842 3651 litigantium
865 3567 1116 3631 concertatione

128 3680 314 3748 martanda
340 3680 495 3748 iudicium
524 3684 596 3768 ipse
624 3683 740 3761 ferret.
797 3682 915 3768 Neque
944 3687 1029 3750 enim
1052 3686 1115 3750 hoc

130 3804 219 3870 ·loco
254 3803 548 3869 demonstrandum
583 3809 771 3890 sumserat,
807 3804 1058 3873 satisdationem
1095 3827 1116 3872 a

10 3930 13 3979 i
132 3924 269 3990 «Naeuio
292 3927 412 3990 iniuria
434 3927 636 4009 postulatam
659 3925 775 3990 inisse.
832 3922 904 3992 Sed
932 3927 1014 3993 illud
1042 3933 1115 3993 erat

10 4018 13 4097 d
135 4048 179 4109 ·ei
200 4048 424 4132 propositum,
445 4048 488 4113 ab
509 4037 635 4111 Alieno
654 4045 842 4127 Quinctium
857 4048 979 4115 iudicio
995 4048 1116 4115 deien-

10 4100 14 4263 μ
137 4186 216 4233 uum
231 4166 423 4234 ostendere.
465 4168 526 4234 Ait
543 4170 662 4257 igitur:
685 4171 760 4253 quia
775 4172 894 4235 iniuria
910 4171 1116 4258 postulabas,
