<?xml version="1.0" encoding="UTF-8"?>
<!DOCTYPE html PUBLIC "-//W3C//DTD XHTML 1.0 Transitional//EN"
    "http://www.w3.org/TR/xhtml1/DTD/xhtml1-transitional.dtd">
<html xmlns="http://www.w3.org/1999/xhtml" xml:lang="en" lang="en">
 <head>
  <title>
</title>
<meta http-equiv="Content-Type" content="text/html;charset=utf-8" />
  <meta name='ocr-system' content='tesseract 3.04.00' />
  <meta name='ocr-capabilities' content='ocr_page ocr_carea ocr_par ocr_line ocrx_word'/>
</head>
<body>
  <div class='ocr_page' id='page_1' title='image "./semestriumadmtu00kellgoog_0448.png"; bbox 0 0 3114 5046; ppageno 0'>
   <div class='ocr_carea' id='block_1_1' title="bbox 324 378 1307 481">
    <p class='ocr_par' dir='ltr' id='par_1_1' title="bbox 324 378 1307 481">
     <span class='ocr_line' id='line_1_1' title="bbox 324 378 1307 481; baseline -0.002 -25"><span class='ocrx_word' id='word_1_1' title='bbox 324 382 388 444; x_wconf 73' lang='lat'><strong>⁴⁰⁶</strong></span> <span class='ocrx_word' id='word_1_2' title='bbox 438 378 532 481; x_wconf 79' lang='lat' dir='ltr'><strong>Cup.</strong></span> <span class='ocrx_word' id='word_1_3' title='bbox 562 382 596 454; x_wconf 92' lang='lat' dir='ltr'><strong>i.</strong></span> <span class='ocrx_word' id='word_1_4' title='bbox 650 378 711 455; x_wconf 87' lang='lat' dir='ltr'><strong>De</strong></span> <span class='ocrx_word' id='word_1_5' title='bbox 735 385 822 456; x_wconf 78' lang='lat' dir='ltr'><strong>iure</strong></span> <span class='ocrx_word' id='word_1_6' title='bbox 848 405 1009 456; x_wconf 82' lang='lat' dir='ltr'><strong>caussae</strong></span> <span class='ocrx_word' id='word_1_7' title='bbox 1036 380 1307 459; x_wconf 67' lang='lat' dir='ltr'><strong>coccineam.</strong></span> 
     </span>
    </p>
   </div>
   <div class='ocr_carea' id='block_1_2' title="bbox 115 575 1394 909">
    <p class='ocr_par' dir='ltr' id='par_1_2' title="bbox 115 575 1394 909">
     <span class='ocr_line' id='line_1_2' title="bbox 170 575 1394 685; baseline 0.004 -44"><span class='ocrx_word' id='word_1_8' title='bbox 170 589 306 685; x_wconf 51' lang='lat' dir='ltr'><strong>metr</strong></span> <span class='ocrx_word' id='word_1_9' title='bbox 324 582 410 647; x_wconf 84' lang='lat' dir='ltr'><strong>sitire</strong></span> <span class='ocrx_word' id='word_1_10' title='bbox 441 582 493 646; x_wconf 86' lang='lat' dir='ltr'><strong>lus</strong></span> <span class='ocrx_word' id='word_1_11' title='bbox 524 578 742 664; x_wconf 83' lang='lat' dir='ltr'><strong>diuersasque</strong></span> <span class='ocrx_word' id='word_1_12' title='bbox 775 581 852 645; x_wconf 84' lang='lat' dir='ltr'><strong>iilos</strong></span> <span class='ocrx_word' id='word_1_13' title='bbox 884 578 1066 664; x_wconf 84' lang='lat' dir='ltr'><strong>stipulendl</strong></span> <span class='ocrx_word' id='word_1_14' title='bbox 1096 580 1260 646; x_wconf 73' lang='lat' dir='ltr'><strong>formulas</strong></span> <span class='ocrx_word' id='word_1_15' title='bbox 1287 575 1394 646; x_wconf 84' lang='lat' dir='ltr'><strong>onnia</strong></span> 
     </span>
     <span class='ocr_line' id='line_1_3' title="bbox 115 701 1394 796; baseline 0.008 -37"><span class='ocrx_word' id='word_1_16' title='bbox 115 741 118 747; x_wconf 84' lang='lat'><em>-</em></span> <span class='ocrx_word' id='word_1_17' title='bbox 184 701 243 742; x_wconf 59' lang='grc' dir='ltr'><strong>Μ’</strong></span> <span class='ocrx_word' id='word_1_18' title='bbox 323 703 382 767; x_wconf 81' lang='lat' dir='ltr'><strong>lile</strong></span> <span class='ocrx_word' id='word_1_19' title='bbox 404 701 587 786; x_wconf 79' lang='lat' dir='ltr'><strong>disputatio</strong></span> <span class='ocrx_word' id='word_1_20' title='bbox 615 701 657 766; x_wconf 90' lang='lat' dir='ltr'><strong>de</strong></span> <span class='ocrx_word' id='word_1_21' title='bbox 687 703 758 766; x_wconf 91' lang='lat' dir='ltr'><strong>lure</strong></span> <span class='ocrx_word' id='word_1_22' title='bbox 779 703 927 796; x_wconf 76' lang='lat' dir='ltr'><strong>ciuitatis</strong></span> <span class='ocrx_word' id='word_1_23' title='bbox 948 706 1157 786; x_wconf 76' lang='lat' dir='ltr'><strong>spectasset,</strong></span> <span class='ocrx_word' id='word_1_24' title='bbox 1195 702 1260 769; x_wconf 85' lang='lat' dir='ltr'><strong>boc</strong></span> <span class='ocrx_word' id='word_1_25' title='bbox 1285 702 1394 768; x_wconf 66' lang='lat' dir='ltr'><strong>Tullii</strong></span> 
     </span>
     <span class='ocr_line' id='line_1_4' title="bbox 325 822 1392 909; baseline 0.004 -23"><span class='ocrx_word' id='word_1_26' title='bbox 325 822 448 890; x_wconf 85' lang='lat' dir='ltr'><strong>dictum</strong></span> <span class='ocrx_word' id='word_1_27' title='bbox 465 824 704 908; x_wconf 82' lang='lat' dir='ltr'><strong>ineptissimum</strong></span> <span class='ocrx_word' id='word_1_28' title='bbox 720 823 877 908; x_wconf 82' lang='lat' dir='ltr'><strong>profecto</strong></span> <span class='ocrx_word' id='word_1_29' title='bbox 897 822 1237 909; x_wconf 75' lang='lat' dir='ltr'><strong>absurdissimumque</strong></span> <span class='ocrx_word' id='word_1_30' title='bbox 1259 824 1392 889; x_wconf 75' lang='lat' dir='ltr'><strong>fnisset</strong></span> 
     </span>
    </p>
   </div>
   <div class='ocr_carea' id='block_1_3' title="bbox 323 1112 834 2700">
    <p class='ocr_par' dir='ltr' id='par_1_3' title="bbox 323 1112 834 2700">
     <span class='ocr_line' id='line_1_5' title="bbox 323 1112 829 1195; baseline -0.012 -11"><span class='ocrx_word' id='word_1_31' title='bbox 323 1142 487 1195; x_wconf 76' lang='lat' dir='ltr'><strong>quamquam</strong></span> <span class='ocrx_word' id='word_1_32' title='bbox 509 1112 551 1181; x_wconf 37' lang='lat' dir='ltr'><strong>ne*</strong></span> <span class='ocrx_word' id='word_1_33' title='bbox 568 1133 626 1190; x_wconf 88' lang='lat' dir='ltr'><strong>ipsa</strong></span> <span class='ocrx_word' id='word_1_34' title='bbox 648 1129 760 1191; x_wconf 82' lang='lat' dir='ltr'><strong>quidem</strong></span> <span class='ocrx_word' id='word_1_35' title='bbox 787 1129 829 1178; x_wconf 86' lang='lat' dir='ltr'><strong>ilr-</strong></span> 
     </span>
     <span class='ocr_line' id='line_1_6' title="bbox 325 1220 830 1282; baseline -0.004 -13"><span class='ocrx_word' id='word_1_36' title='bbox 325 1223 456 1280; x_wconf 87' lang='lat' dir='ltr'><strong>mlsslma,</strong></span> <span class='ocrx_word' id='word_1_37' title='bbox 474 1222 632 1271; x_wconf 86' lang='lat' dir='ltr'><strong>intirmetur.</strong></span> <span class='ocrx_word' id='word_1_38' title='bbox 665 1220 830 1282; x_wconf 79' lang='lat' dir='ltr'><strong>Qninlgitur</strong></span> 
     </span>
     <span class='ocr_line' id='line_1_7' title="bbox 325 1305 827 1371; baseline -0.004 -13"><span class='ocrx_word' id='word_1_39' title='bbox 325 1321 384 1359; x_wconf 84' lang='lat' dir='ltr'><strong>men</strong></span> <span class='ocrx_word' id='word_1_40' title='bbox 425 1308 519 1358; x_wconf 81' lang='lat' dir='ltr'><strong>luciam</strong></span> <span class='ocrx_word' id='word_1_41' title='bbox 553 1308 690 1371; x_wconf 79' lang='lat' dir='ltr'><strong>lllndus’ps&#39;l</strong></span> <span class='ocrx_word' id='word_1_42' title='bbox 724 1305 827 1357; x_wconf 77' lang='lat' dir='ltr'><strong>uerba:</strong></span> 
     </span>
     <span class='ocr_line' id='line_1_8' title="bbox 326 1395 830 1459; baseline -0.002 -14"><span class='ocrx_word' id='word_1_43' title='bbox 326 1396 465 1459; x_wconf 75' lang='lat' dir='ltr'><strong><em>Quaenam</em></strong></span> <span class='ocrx_word' id='word_1_44' title='bbox 487 1397 541 1446; x_wconf 81' lang='lat' dir='ltr'><strong>slot</strong></span> <span class='ocrx_word' id='word_1_45' title='bbox 568 1401 657 1445; x_wconf 83' lang='lat' dir='ltr'><strong>nutem</strong></span> <span class='ocrx_word' id='word_1_46' title='bbox 677 1395 741 1445; x_wconf 84' lang='lat' dir='ltr'><strong>illue</strong></span> <span class='ocrx_word' id='word_1_47' title='bbox 766 1396 830 1444; x_wconf 84' lang='lat' dir='ltr'><strong>duo·</strong></span> 
     </span>
     <span class='ocr_line' id='line_1_9' title="bbox 325 1484 831 1535; baseline -0.006 0"><span class='ocrx_word' id='word_1_48' title='bbox 325 1484 409 1535; x_wconf 76' lang='lat' dir='ltr'><strong>decim</strong></span> <span class='ocrx_word' id='word_1_49' title='bbox 421 1485 540 1535; x_wconf 73' lang='lat' dir='ltr'><strong>ostentm</strong></span> <span class='ocrx_word' id='word_1_50' title='bbox 552 1492 576 1534; x_wconf 90' lang='lat' dir='ltr'><strong>el</strong></span> <span class='ocrx_word' id='word_1_51' title='bbox 585 1484 654 1535; x_wconf 83' lang='lat' dir='ltr'><strong>unde</strong></span> <span class='ocrx_word' id='word_1_52' title='bbox 665 1491 727 1533; x_wconf 86' lang='lat' dir='ltr'><strong>ortu</strong></span> <span class='ocrx_word' id='word_1_53' title='bbox 736 1497 831 1533; x_wconf 83' lang='lat' dir='ltr'><strong>eurum</strong></span> 
     </span>
     <span class='ocr_line' id='line_1_10' title="bbox 324 1572 831 1638; baseline 0 -17"><span class='ocrx_word' id='word_1_54' title='bbox 324 1575 471 1635; x_wconf 75' lang='lat' dir='ltr'><strong>praecipue</strong></span> <span class='ocrx_word' id='word_1_55' title='bbox 490 1572 623 1627; x_wconf 75' lang='lat' dir='ltr'><strong>condicto,</strong></span> <span class='ocrx_word' id='word_1_56' title='bbox 647 1575 772 1638; x_wconf 80' lang='lat' dir='ltr'><strong>lpnornre</strong></span> <span class='ocrx_word' id='word_1_57' title='bbox 790 1585 831 1621; x_wconf 83' lang='lat' dir='ltr'><strong>me</strong></span> 
     </span>
     <span class='ocr_line' id='line_1_11' title="bbox 327 1660 830 1723; baseline 0 -14"><span class='ocrx_word' id='word_1_58' title='bbox 327 1660 423 1723; x_wconf 79' lang='lat' dir='ltr'><strong>[nieor.</strong></span> <span class='ocrx_word' id='word_1_59' title='bbox 447 1687 475 1697; x_wconf 97' lang='lat'>-</span> <span class='ocrx_word' id='word_1_60' title='bbox 498 1661 551 1712; x_wconf 89' lang='lat' dir='ltr'><strong>Sed</strong></span> <span class='ocrx_word' id='word_1_61' title='bbox 570 1662 621 1712; x_wconf 89' lang='lat' dir='ltr'><strong>boc</strong></span> <span class='ocrx_word' id='word_1_62' title='bbox 639 1664 776 1712; x_wconf 86' lang='lat' dir='ltr'><strong>uerissime</strong></span> <span class='ocrx_word' id='word_1_63' title='bbox 789 1662 830 1711; x_wconf 91' lang='lat' dir='ltr'><strong>ui·</strong></span> 
     </span>
     <span class='ocr_line' id='line_1_12' title="bbox 328 1749 830 1814; baseline 0 -15"><span class='ocrx_word' id='word_1_64' title='bbox 328 1749 408 1799; x_wconf 87' lang='lat' dir='ltr'><strong>detur</strong></span> <span class='ocrx_word' id='word_1_65' title='bbox 425 1750 579 1814; x_wconf 81' lang='lat' dir='ltr'><strong>Mudulptue</strong></span> <span class='ocrx_word' id='word_1_66' title='bbox 591 1752 742 1808; x_wconf 85' lang='lat' dir='ltr'><strong>monuisse,</strong></span> <span class='ocrx_word' id='word_1_67' title='bbox 768 1749 830 1799; x_wconf 87' lang='lat' dir='ltr'><strong>ideo</strong></span> 
     </span>
     <span class='ocr_line' id='line_1_13' title="bbox 328 1837 830 1901; baseline -0.002 -12"><span class='ocrx_word' id='word_1_68' title='bbox 328 1837 476 1889; x_wconf 65' lang='lat' dir='ltr'><strong>amnem</strong></span> <span class='ocrx_word' id='word_1_69' title='bbox 508 1840 648 1901; x_wconf 71' lang='lat' dir='ltr'><strong>«fuerint»</strong></span> <span class='ocrx_word' id='word_1_70' title='bbox 678 1840 830 1899; x_wconf 72' lang='lat' dir='ltr'><strong>scripsisse,</strong></span> 
     </span>
     <span class='ocr_line' id='line_1_14' title="bbox 327 1926 831 1991; baseline -0.008 -12"><span class='ocrx_word' id='word_1_71' title='bbox 327 1928 393 1990; x_wconf 77' lang='lat' dir='ltr'><strong>quia</strong></span> <span class='ocrx_word' id='word_1_72' title='bbox 413 1940 469 1991; x_wconf 72' lang='lat' dir='ltr'><strong>qno</strong></span> <span class='ocrx_word' id='word_1_73' title='bbox 496 1933 616 1989; x_wconf 89' lang='lat' dir='ltr'><strong>tempore</strong></span> <span class='ocrx_word' id='word_1_74' title='bbox 644 1927 719 1977; x_wconf 81' lang='lat' dir='ltr'><strong>Sulla</strong></span> <span class='ocrx_word' id='word_1_75' title='bbox 746 1926 831 1990; x_wconf 79' lang='lat' dir='ltr'><strong>legem</strong></span> 
     </span>
     <span class='ocr_line' id='line_1_15' title="bbox 327 2015 833 2074; baseline -0.004 -8"><span class='ocrx_word' id='word_1_76' title='bbox 327 2027 403 2066; x_wconf 80' lang='lat' dir='ltr'><strong>susm</strong></span> <span class='ocrx_word' id='word_1_77' title='bbox 416 2015 493 2074; x_wconf 88' lang='lat' dir='ltr'><strong>tulit,</strong></span> <span class='ocrx_word' id='word_1_78' title='bbox 507 2024 534 2066; x_wconf 89' lang='lat' dir='ltr'><strong>et</strong></span> <span class='ocrx_word' id='word_1_79' title='bbox 546 2016 720 2064; x_wconf 77' lang='lat' dir='ltr'><strong>Ariminmses</strong></span> <span class='ocrx_word' id='word_1_80' title='bbox 732 2019 760 2066; x_wconf 89' lang='lat' dir='ltr'><strong>el</strong></span> <span class='ocrx_word' id='word_1_81' title='bbox 772 2015 833 2066; x_wconf 89' lang='lat' dir='ltr'><strong>reli·</strong></span> 
     </span>
     <span class='ocr_line' id='line_1_16' title="bbox 329 2102 832 2168; baseline 0 -14"><span class='ocrx_word' id='word_1_82' title='bbox 329 2107 376 2167; x_wconf 79' lang='lat' dir='ltr'><strong>qul</strong></span> <span class='ocrx_word' id='word_1_83' title='bbox 388 2104 445 2168; x_wconf 80' lang='lat' dir='ltr'><strong>lupe</strong></span> <span class='ocrx_word' id='word_1_84' title='bbox 458 2103 528 2152; x_wconf 86' lang='lat' dir='ltr'><strong>lulla</strong></span> <span class='ocrx_word' id='word_1_85' title='bbox 541 2105 614 2153; x_wconf 85' lang='lat' dir='ltr'><strong>ciues</strong></span> <span class='ocrx_word' id='word_1_86' title='bbox 629 2103 736 2154; x_wconf 88' lang='lat' dir='ltr'><strong>luerint.</strong></span> <span class='ocrx_word' id='word_1_87' title='bbox 772 2102 832 2165; x_wconf 80' lang='lat' dir='ltr'><strong>Quo</strong></span> 
     </span>
     <span class='ocr_line' id='line_1_17' title="bbox 330 2191 832 2254; baseline -0.006 -10"><span class='ocrx_word' id='word_1_88' title='bbox 330 2194 389 2244; x_wconf 88' lang='lat' dir='ltr'><strong>loco</strong></span> <span class='ocrx_word' id='word_1_89' title='bbox 421 2195 497 2242; x_wconf 86' lang='lat' dir='ltr'><strong>luunt</strong></span> <span class='ocrx_word' id='word_1_90' title='bbox 529 2191 668 2251; x_wconf 83' lang='lat' dir='ltr'><strong>paruuian</strong></span> <span class='ocrx_word' id='word_1_91' title='bbox 697 2191 832 2254; x_wconf 82' lang='lat' dir='ltr'><strong>quondam</strong></span> 
     </span>
     <span class='ocr_line' id='line_1_18' title="bbox 330 2281 833 2345; baseline 0 -13"><span class='ocrx_word' id='word_1_92' title='bbox 330 2295 387 2334; x_wconf 89' lang='lat' dir='ltr'><strong>rem</strong></span> <span class='ocrx_word' id='word_1_93' title='bbox 398 2293 430 2332; x_wconf 83' lang='lat' dir='ltr'><strong>sc</strong></span> <span class='ocrx_word' id='word_1_94' title='bbox 442 2282 674 2345; x_wconf 72' lang='lat' dir='ltr'><strong>quaestiunculam</strong></span> <span class='ocrx_word' id='word_1_95' title='bbox 687 2281 833 2341; x_wconf 84' lang='lat' dir='ltr'><strong>subiicere,</strong></span> 
     </span>
     <span class='ocr_line' id='line_1_19' title="bbox 331 2370 834 2433; baseline -0.002 -14"><span class='ocrx_word' id='word_1_96' title='bbox 331 2383 384 2421; x_wconf 88' lang='lat' dir='ltr'><strong>non</strong></span> <span class='ocrx_word' id='word_1_97' title='bbox 412 2371 480 2421; x_wconf 86' lang='lat' dir='ltr'><strong>adeo</strong></span> <span class='ocrx_word' id='word_1_98' title='bbox 509 2370 619 2433; x_wconf 84' lang='lat' dir='ltr'><strong>quidem</strong></span> <span class='ocrx_word' id='word_1_99' title='bbox 650 2370 683 2420; x_wconf 86' lang='lat' dir='ltr'><strong>nd</strong></span> <span class='ocrx_word' id='word_1_100' title='bbox 708 2383 834 2432; x_wconf 75' lang='lat' dir='ltr'><strong>praesens</strong></span> 
     </span>
     <span class='ocr_line' id='line_1_20' title="bbox 331 2456 834 2523; baseline -0.006 -13"><span class='ocrx_word' id='word_1_101' title='bbox 331 2461 497 2523; x_wconf 87' lang='lat' dir='ltr'><strong>propositum</strong></span> <span class='ocrx_word' id='word_1_102' title='bbox 514 2462 709 2518; x_wconf 87' lang='lat' dir='ltr'><strong>neeessariam,</strong></span> <span class='ocrx_word' id='word_1_103' title='bbox 728 2459 774 2510; x_wconf 87' lang='lat' dir='ltr'><strong>sed</strong></span> <span class='ocrx_word' id='word_1_104' title='bbox 800 2456 834 2509; x_wconf 88' lang='lat' dir='ltr'><strong>ad</strong></span> 
     </span>
     <span class='ocr_line' id='line_1_21' title="bbox 331 2548 834 2600; baseline -0.004 -2"><span class='ocrx_word' id='word_1_105' title='bbox 331 2548 516 2599; x_wconf 86' lang='lat' dir='ltr'><strong>illustrandum</strong></span> <span class='ocrx_word' id='word_1_106' title='bbox 539 2553 626 2600; x_wconf 91' lang='lat' dir='ltr'><strong>lamen</strong></span> <span class='ocrx_word' id='word_1_107' title='bbox 646 2550 718 2598; x_wconf 88' lang='lat' dir='ltr'><strong>bunc</strong></span> <span class='ocrx_word' id='word_1_108' title='bbox 738 2549 834 2598; x_wconf 90' lang='lat' dir='ltr'><strong>oralio-</strong></span> 
     </span>
     <span class='ocr_line' id='line_1_22' title="bbox 332 2637 834 2700; baseline -0.002 -13"><span class='ocrx_word' id='word_1_109' title='bbox 332 2640 374 2689; x_wconf 93' lang='lat' dir='ltr'><strong>nis</strong></span> <span class='ocrx_word' id='word_1_110' title='bbox 400 2637 488 2687; x_wconf 90' lang='lat' dir='ltr'><strong>locum</strong></span> <span class='ocrx_word' id='word_1_111' title='bbox 512 2641 710 2700; x_wconf 74' lang='lat' dir='ltr'><strong>pertinentem,</strong></span> <span class='ocrx_word' id='word_1_112' title='bbox 745 2648 834 2698; x_wconf 85' lang='lat' dir='ltr'><strong>neque</strong></span> 
     </span>
    </p>
   </div>
   <div class='ocr_carea' id='block_1_4' title="bbox 242 2724 835 2792">
    <p class='ocr_par' dir='ltr' id='par_1_4' title="bbox 242 2724 835 2792">
     <span class='ocr_line' id='line_1_23' title="bbox 242 2724 835 2792; baseline -0.01 -13"><span class='ocrx_word' id='word_1_113' title='bbox 242 2736 246 2743; x_wconf 90' lang='grc'><em>·</em></span> <span class='ocrx_word' id='word_1_114' title='bbox 332 2724 363 2792; x_wconf 83' lang='lat' dir='ltr'><strong>(si</strong></span> <span class='ocrx_word' id='word_1_115' title='bbox 377 2740 471 2778; x_wconf 89' lang='lat' dir='ltr'><strong>uerum</strong></span> <span class='ocrx_word' id='word_1_116' title='bbox 484 2732 542 2788; x_wconf 83' lang='lat' dir='ltr'><strong>est,</strong></span> <span class='ocrx_word' id='word_1_117' title='bbox 562 2730 589 2777; x_wconf 94' lang='lat' dir='ltr'><strong>ln</strong></span> <span class='ocrx_word' id='word_1_118' title='bbox 609 2727 688 2779; x_wconf 87' lang='lat' dir='ltr'><strong>rebus</strong></span> <span class='ocrx_word' id='word_1_119' title='bbox 705 2727 835 2776; x_wconf 81' lang='lat' dir='ltr'><strong>intrlcntls</strong></span> 
     </span>
    </p>
   </div>
   <div class='ocr_carea' id='block_1_5' title="bbox 332 2816 839 4298">
    <p class='ocr_par' dir='ltr' id='par_1_5' title="bbox 332 2816 839 4298">
     <span class='ocr_line' id='line_1_24' title="bbox 332 2816 836 2879; baseline -0.008 -12"><span class='ocrx_word' id='word_1_120' title='bbox 332 2829 367 2868; x_wconf 90' lang='lat' dir='ltr'><strong>ne</strong></span> <span class='ocrx_word' id='word_1_121' title='bbox 390 2828 474 2878; x_wconf 87' lang='lat' dir='ltr'><strong>parua</strong></span> <span class='ocrx_word' id='word_1_122' title='bbox 497 2816 606 2879; x_wconf 84' lang='lat' dir='ltr'><strong>quidem</strong></span> <span class='ocrx_word' id='word_1_123' title='bbox 634 2828 693 2867; x_wconf 82' lang='lat' dir='ltr'><strong>esse</strong></span> <span class='ocrx_word' id='word_1_124' title='bbox 717 2822 836 2866; x_wconf 89' lang='lat' dir='ltr'><strong>contem·</strong></span> 
     </span>
     <span class='ocr_line' id='line_1_25' title="bbox 333 2902 834 2968; baseline -0.006 -12"><span class='ocrx_word' id='word_1_125' title='bbox 333 2902 431 2968; x_wconf 88' lang='lat' dir='ltr'><strong>nenda)</strong></span> <span class='ocrx_word' id='word_1_126' title='bbox 456 2906 549 2956; x_wconf 90' lang='lat' dir='ltr'><strong>iiiusirl</strong></span> <span class='ocrx_word' id='word_1_127' title='bbox 572 2904 615 2955; x_wconf 93' lang='lat' dir='ltr'><strong>llla</strong></span> <span class='ocrx_word' id='word_1_128' title='bbox 643 2905 834 2966; x_wconf 76' lang='lat' dir='ltr'><strong>disceptatione</strong></span> 
     </span>
     <span class='ocr_line' id='line_1_26' title="bbox 334 2974 836 3056; baseline -0.01 -11"><span class='ocrx_word' id='word_1_129' title='bbox 334 2993 412 3056; x_wconf 83' lang='lat' dir='ltr'><strong>plane</strong></span> <span class='ocrx_word' id='word_1_130' title='bbox 438 2995 563 3045; x_wconf 87' lang='lat' dir='ltr'><strong>alienam.</strong></span> <span class='ocrx_word' id='word_1_131' title='bbox 586 2974 671 3053; x_wconf 73' lang='lat' dir='ltr'><strong>⁸Quid</strong></span> <span class='ocrx_word' id='word_1_132' title='bbox 694 2996 836 3054; x_wconf 77' lang='lat' dir='ltr'><strong>igiturest</strong></span> 
     </span>
     <span class='ocr_line' id='line_1_27' title="bbox 333 3082 835 3145; baseline -0.006 -12"><span class='ocrx_word' id='word_1_133' title='bbox 333 3095 459 3142; x_wconf 73' lang='lat' dir='ltr'><strong>mnsaae,</strong></span> <span class='ocrx_word' id='word_1_134' title='bbox 474 3096 521 3132; x_wconf 89' lang='lat' dir='ltr'><strong>eur</strong></span> <span class='ocrx_word' id='word_1_135' title='bbox 534 3085 560 3131; x_wconf 92' lang='lat' dir='ltr'><strong>ln</strong></span> <span class='ocrx_word' id='word_1_136' title='bbox 573 3082 616 3131; x_wconf 96' lang='lat' dir='ltr'><strong>illa</strong></span> <span class='ocrx_word' id='word_1_137' title='bbox 627 3082 683 3145; x_wconf 75' lang='lat' dir='ltr'><strong>iege</strong></span> <span class='ocrx_word' id='word_1_138' title='bbox 694 3082 784 3131; x_wconf 83' lang='lat' dir='ltr'><strong>Sullae</strong></span> <span class='ocrx_word' id='word_1_139' title='bbox 794 3083 835 3130; x_wconf 85' lang='lat' dir='ltr'><strong>lus</strong></span> 
     </span>
     <span class='ocr_line' id='line_1_28' title="bbox 336 3170 835 3229; baseline 0 -10"><span class='ocrx_word' id='word_1_140' title='bbox 336 3171 591 3229; x_wconf 77' lang='lat' dir='ltr'><strong>Volaterranorum,</strong></span> <span class='ocrx_word' id='word_1_141' title='bbox 623 3170 731 3221; x_wconf 88' lang='lat' dir='ltr'><strong>lorsitan</strong></span> <span class='ocrx_word' id='word_1_142' title='bbox 756 3173 835 3220; x_wconf 86' lang='lat' dir='ltr'><strong>elinm</strong></span> 
     </span>
     <span class='ocr_line' id='line_1_29' title="bbox 333 3259 835 3322; baseline 0 -13"><span class='ocrx_word' id='word_1_143' title='bbox 333 3260 535 3319; x_wconf 69' lang='lat' dir='ltr'><strong>Arretinorum,</strong></span> <span class='ocrx_word' id='word_1_144' title='bbox 567 3260 639 3322; x_wconf 82' lang='lat' dir='ltr'><strong>quod</strong></span> <span class='ocrx_word' id='word_1_145' title='bbox 663 3263 690 3308; x_wconf 90' lang='lat' dir='ltr'><strong>in</strong></span> <span class='ocrx_word' id='word_1_146' title='bbox 716 3259 835 3309; x_wconf 79' lang='lat' dir='ltr'><strong>inlutum</strong></span> 
     </span>
     <span class='ocr_line' id='line_1_30' title="bbox 334 3347 837 3410; baseline -0.004 -11"><span class='ocrx_word' id='word_1_147' title='bbox 334 3355 438 3410; x_wconf 87' lang='lat' dir='ltr'><strong>tempus</strong></span> <span class='ocrx_word' id='word_1_148' title='bbox 462 3348 690 3406; x_wconf 74' lang='lat' dir='ltr'><strong>constituebatur,</strong></span> <span class='ocrx_word' id='word_1_149' title='bbox 721 3349 755 3397; x_wconf 87' lang='lat' dir='ltr'><strong>ad</strong></span> <span class='ocrx_word' id='word_1_150' title='bbox 776 3347 837 3397; x_wconf 74' lang='lat' dir='ltr'><strong>Arl-</strong></span> 
     </span>
     <span class='ocr_line' id='line_1_31' title="bbox 333 3437 835 3496; baseline -0.008 -9"><span class='ocrx_word' id='word_1_151' title='bbox 333 3438 489 3487; x_wconf 82' lang='lat' dir='ltr'><strong>etlnsnstum</strong></span> <span class='ocrx_word' id='word_1_152' title='bbox 499 3438 539 3486; x_wconf 89' lang='lat' dir='ltr'><strong>ius</strong></span> <span class='ocrx_word' id='word_1_153' title='bbox 550 3437 778 3486; x_wconf 76' lang='lat' dir='ltr'><strong>accommodatum</strong></span> <span class='ocrx_word' id='word_1_154' title='bbox 792 3440 835 3496; x_wconf 88' lang='lat' dir='ltr'><strong>sit,</strong></span> 
     </span>
     <span class='ocr_line' id='line_1_32' title="bbox 335 3524 837 3584; baseline 0.002 -11"><span class='ocrx_word' id='word_1_155' title='bbox 335 3537 422 3583; x_wconf 80' lang='lat' dir='ltr'><strong>esque</strong></span> <span class='ocrx_word' id='word_1_156' title='bbox 442 3527 638 3584; x_wconf 81' lang='lat' dir='ltr'><strong>comparatione</strong></span> <span class='ocrx_word' id='word_1_157' title='bbox 660 3537 691 3573; x_wconf 92' lang='lat' dir='ltr'><strong>ac</strong></span> <span class='ocrx_word' id='word_1_158' title='bbox 713 3524 837 3574; x_wconf 86' lang='lat' dir='ltr'><strong>similitu·</strong></span> 
     </span>
     <span class='ocr_line' id='line_1_33' title="bbox 336 3602 837 3675; baseline 0.004 -14"><span class='ocrx_word' id='word_1_159' title='bbox 336 3613 416 3671; x_wconf 90' lang='lat' dir='ltr'><strong>dine,</strong></span> <span class='ocrx_word' id='word_1_160' title='bbox 450 3623 500 3662; x_wconf 86' lang='lat' dir='ltr'><strong>nec</strong></span> <span class='ocrx_word' id='word_1_161' title='bbox 526 3611 653 3674; x_wconf 75' lang='lat' dir='ltr'><strong>peculiari</strong></span> <span class='ocrx_word' id='word_1_162' title='bbox 683 3602 837 3675; x_wconf 82' lang='lat' dir='ltr'><strong>disertoque</strong></span> 
     </span>
     <span class='ocr_line' id='line_1_34' title="bbox 335 3700 837 3762; baseline 0.002 -11"><span class='ocrx_word' id='word_1_163' title='bbox 335 3701 562 3762; x_wconf 78' lang='lat' dir='ltr'><strong>descriptionem</strong></span> <span class='ocrx_word' id='word_1_164' title='bbox 581 3700 693 3750; x_wconf 76' lang='lat' dir='ltr'><strong>formula</strong></span> <span class='ocrx_word' id='word_1_165' title='bbox 711 3704 837 3753; x_wconf 84' lang='lat' dir='ltr'><strong>enuncie-</strong></span> 
     </span>
     <span class='ocr_line' id='line_1_35' title="bbox 334 3790 839 3846; baseline -0.002 -6"><span class='ocrx_word' id='word_1_166' title='bbox 334 3792 413 3840; x_wconf 84' lang='lat' dir='ltr'><strong>tuml</strong></span> <span class='ocrx_word' id='word_1_167' title='bbox 443 3790 574 3840; x_wconf 87' lang='lat' dir='ltr'><strong>Nimirum</strong></span> <span class='ocrx_word' id='word_1_168' title='bbox 596 3796 715 3846; x_wconf 87' lang='lat' dir='ltr'><strong>constal,</strong></span> <span class='ocrx_word' id='word_1_169' title='bbox 743 3791 839 3840; x_wconf 74' lang='lat' dir='ltr'><strong>Arimi·</strong></span> 
     </span>
     <span class='ocr_line' id='line_1_36' title="bbox 334 3879 839 3930; baseline 0.004 -3"><span class='ocrx_word' id='word_1_170' title='bbox 334 3892 398 3927; x_wconf 83' lang='lat' dir='ltr'><strong>num</strong></span> <span class='ocrx_word' id='word_1_171' title='bbox 418 3885 480 3930; x_wconf 85' lang='lat' dir='ltr'><strong>ante</strong></span> <span class='ocrx_word' id='word_1_172' title='bbox 505 3879 603 3930; x_wconf 85' lang='lat' dir='ltr'><strong>bellum</strong></span> <span class='ocrx_word' id='word_1_173' title='bbox 625 3880 748 3929; x_wconf 80' lang='lat' dir='ltr'><strong>italicum</strong></span> <span class='ocrx_word' id='word_1_174' title='bbox 769 3879 839 3929; x_wconf 91' lang='lat' dir='ltr'><strong>colo-</strong></span> 
     </span>
     <span class='ocr_line' id='line_1_37' title="bbox 336 3967 839 4026; baseline 0 -9"><span class='ocrx_word' id='word_1_175' title='bbox 336 3970 407 4017; x_wconf 87' lang='lat' dir='ltr'><strong>niem</strong></span> <span class='ocrx_word' id='word_1_176' title='bbox 436 3968 556 4018; x_wconf 82' lang='lat' dir='ltr'><strong>Latinam</strong></span> <span class='ocrx_word' id='word_1_177' title='bbox 581 3968 679 4026; x_wconf 90' lang='lat' dir='ltr'><strong>luisse,</strong></span> <span class='ocrx_word' id='word_1_178' title='bbox 727 3967 839 4017; x_wconf 79' lang='lat' dir='ltr'><strong>Sullano</strong></span> 
     </span>
     <span class='ocr_line' id='line_1_38' title="bbox 335 4055 838 4118; baseline 0 -12"><span class='ocrx_word' id='word_1_179' title='bbox 335 4063 426 4108; x_wconf 83' lang='lat' dir='ltr'><strong>aulem</strong></span> <span class='ocrx_word' id='word_1_180' title='bbox 439 4055 509 4107; x_wconf 87' lang='lat' dir='ltr'><strong>bello</strong></span> <span class='ocrx_word' id='word_1_181' title='bbox 522 4069 677 4118; x_wconf 85' lang='lat' dir='ltr'><strong>oppressum</strong></span> <span class='ocrx_word' id='word_1_182' title='bbox 691 4058 838 4118; x_wconf 89' lang='lat' dir='ltr'><strong>direptum-</strong></span> 
     </span>
     <span class='ocr_line' id='line_1_39' title="bbox 336 4145 837 4209; baseline 0 -14"><span class='ocrx_word' id='word_1_183' title='bbox 336 4158 390 4209; x_wconf 79' lang='lat' dir='ltr'><strong>que</strong></span> <span class='ocrx_word' id='word_1_184' title='bbox 415 4157 490 4201; x_wconf 83' lang='lat' dir='ltr'><strong>esee;</strong></span> <span class='ocrx_word' id='word_1_185' title='bbox 523 4145 596 4195; x_wconf 87' lang='lat' dir='ltr'><strong>unde</strong></span> <span class='ocrx_word' id='word_1_186' title='bbox 617 4148 681 4194; x_wconf 84' lang='lat' dir='ltr'><strong>sutis</strong></span> <span class='ocrx_word' id='word_1_187' title='bbox 708 4145 837 4207; x_wconf 77' lang='lat' dir='ltr'><strong>probabili</strong></span> 
     </span>
     <span class='ocr_line' id='line_1_40' title="bbox 336 4232 835 4298; baseline 0.004 -13"><span class='ocrx_word' id='word_1_188' title='bbox 336 4237 439 4285; x_wconf 89' lang='lat' dir='ltr'><strong>ratione</strong></span> <span class='ocrx_word' id='word_1_189' title='bbox 446 4232 570 4295; x_wconf 74' lang='lat' dir='ltr'><strong>colligere</strong></span> <span class='ocrx_word' id='word_1_190' title='bbox 580 4234 652 4293; x_wconf 89' lang='lat' dir='ltr'><strong>licet,</strong></span> <span class='ocrx_word' id='word_1_191' title='bbox 663 4234 757 4285; x_wconf 85' lang='lat' dir='ltr'><strong>eedem</strong></span> <span class='ocrx_word' id='word_1_192' title='bbox 768 4236 835 4298; x_wconf 72' lang='lat' dir='ltr'><strong>iege,</strong></span> 
     </span>
    </p>
   </div>
   <div class='ocr_carea' id='block_1_6' title="bbox 886 1128 1396 4299">
    <p class='ocr_par' dir='ltr' id='par_1_6' title="bbox 886 1128 1396 4299">
     <span class='ocr_line' id='line_1_41' title="bbox 887 1128 1393 1193; baseline 0 -13"><span class='ocrx_word' id='word_1_193' title='bbox 887 1142 940 1193; x_wconf 83' lang='lat' dir='ltr'><strong>que</strong></span> <span class='ocrx_word' id='word_1_194' title='bbox 960 1128 1144 1180; x_wconf 79' lang='lat' dir='ltr'><strong>Volaterranis</strong></span> <span class='ocrx_word' id='word_1_195' title='bbox 1162 1136 1190 1180; x_wconf 85' lang='lat' dir='ltr'><strong>et</strong></span> <span class='ocrx_word' id='word_1_196' title='bbox 1207 1130 1346 1180; x_wconf 63' lang='lat' dir='ltr'><strong>aneton</strong></span> <span class='ocrx_word' id='word_1_197' title='bbox 1360 1135 1393 1180; x_wconf 86' lang='lat' dir='ltr'><strong>ci·</strong></span> 
     </span>
     <span class='ocr_line' id='line_1_42' title="bbox 886 1217 1394 1281; baseline 0 -12"><span class='ocrx_word' id='word_1_198' title='bbox 886 1221 956 1269; x_wconf 82' lang='lat' dir='ltr'><strong>uitus</strong></span> <span class='ocrx_word' id='word_1_199' title='bbox 973 1217 1164 1281; x_wconf 74' lang='lat' dir='ltr'><strong>abropebalnr,</strong></span> <span class='ocrx_word' id='word_1_200' title='bbox 1192 1221 1275 1275; x_wconf 86' lang='lat' dir='ltr'><strong>etlam</strong></span> <span class='ocrx_word' id='word_1_201' title='bbox 1295 1220 1394 1269; x_wconf 73' lang='lat' dir='ltr'><strong>Arinat-</strong></span> 
     </span>
     <span class='ocr_line' id='line_1_43' title="bbox 886 1307 1394 1370; baseline 0.002 -13"><span class='ocrx_word' id='word_1_202' title='bbox 886 1320 977 1357; x_wconf 81' lang='lat' dir='ltr'><strong>rteeses</strong></span> <span class='ocrx_word' id='word_1_203' title='bbox 986 1307 1189 1368; x_wconf 84' lang='lat' dir='ltr'><strong>comprehensos</strong></span> <span class='ocrx_word' id='word_1_204' title='bbox 1202 1313 1231 1357; x_wconf 93' lang='lat' dir='ltr'><strong>el</strong></span> <span class='ocrx_word' id='word_1_205' title='bbox 1243 1311 1318 1370; x_wconf 89' lang='lat' dir='ltr'><strong>ipsos</strong></span> <span class='ocrx_word' id='word_1_206' title='bbox 1331 1321 1394 1370; x_wconf 80' lang='lat' dir='ltr'><strong>que-</strong></span> 
     </span>
     <span class='ocr_line' id='line_1_44' title="bbox 887 1395 1394 1459; baseline -0.002 -14"><span class='ocrx_word' id='word_1_207' title='bbox 887 1410 940 1459; x_wconf 80' lang='lat' dir='ltr'><strong>que</strong></span> <span class='ocrx_word' id='word_1_208' title='bbox 956 1397 1064 1445; x_wconf 84' lang='lat' dir='ltr'><strong>elnltote</strong></span> <span class='ocrx_word' id='word_1_209' title='bbox 1083 1406 1176 1446; x_wconf 89' lang='lat' dir='ltr'><strong>recens</strong></span> <span class='ocrx_word' id='word_1_210' title='bbox 1190 1398 1319 1456; x_wconf 80' lang='lat' dir='ltr'><strong>quaesita</strong></span> <span class='ocrx_word' id='word_1_211' title='bbox 1331 1395 1394 1445; x_wconf 87' lang='lat' dir='ltr'><strong>mni·</strong></span> 
     </span>
     <span class='ocr_line' id='line_1_45' title="bbox 888 1483 1393 1544; baseline -0.006 -8"><span class='ocrx_word' id='word_1_212' title='bbox 888 1491 955 1536; x_wconf 86' lang='lat' dir='ltr'><strong>letos</strong></span> <span class='ocrx_word' id='word_1_213' title='bbox 976 1497 1051 1544; x_wconf 87' lang='lat' dir='ltr'><strong>esse,</strong></span> <span class='ocrx_word' id='word_1_214' title='bbox 1070 1483 1148 1533; x_wconf 90' lang='lat' dir='ltr'><strong>simul</strong></span> <span class='ocrx_word' id='word_1_215' title='bbox 1170 1488 1263 1536; x_wconf 84' lang='lat' dir='ltr'><strong>antem</strong></span> <span class='ocrx_word' id='word_1_216' title='bbox 1282 1488 1311 1535; x_wconf 91' lang='lat' dir='ltr'><strong>ln</strong></span> <span class='ocrx_word' id='word_1_217' title='bbox 1331 1484 1393 1535; x_wconf 89' lang='lat' dir='ltr'><strong>liind</strong></span> 
     </span>
     <span class='ocr_line' id='line_1_46' title="bbox 887 1573 1392 1636; baseline -0.004 -11"><span class='ocrx_word' id='word_1_218' title='bbox 887 1578 929 1625; x_wconf 86' lang='lat' dir='ltr'><strong>ius</strong></span> <span class='ocrx_word' id='word_1_219' title='bbox 950 1576 1088 1632; x_wconf 84' lang='lat' dir='ltr'><strong>redectos,</strong></span> <span class='ocrx_word' id='word_1_220' title='bbox 1117 1584 1172 1636; x_wconf 80' lang='lat' dir='ltr'><strong>quo</strong></span> <span class='ocrx_word' id='word_1_221' title='bbox 1193 1580 1259 1625; x_wconf 87' lang='lat' dir='ltr'><strong>ante</strong></span> <span class='ocrx_word' id='word_1_222' title='bbox 1282 1573 1392 1631; x_wconf 68' lang='lat' dir='ltr'><strong>luben,</strong></span> 
     </span>
     <span class='ocr_line' id='line_1_47' title="bbox 887 1660 1394 1727; baseline -0.006 -14"><span class='ocrx_word' id='word_1_223' title='bbox 887 1663 1025 1713; x_wconf 79' lang='lat' dir='ltr'><strong>Plautium</strong></span> <span class='ocrx_word' id='word_1_224' title='bbox 1048 1663 1203 1725; x_wconf 73' lang='lat' dir='ltr'><strong>Papirium,</strong></span> <span class='ocrx_word' id='word_1_225' title='bbox 1240 1660 1394 1727; x_wconf 76' lang='lat' dir='ltr'><strong>Pompeium</strong></span> 
     </span>
     <span class='ocr_line' id='line_1_48' title="bbox 889 1748 1394 1814; baseline -0.004 -13"><span class='ocrx_word' id='word_1_226' title='bbox 889 1752 959 1814; x_wconf 75' lang='lat' dir='ltr'><strong>leges</strong></span> <span class='ocrx_word' id='word_1_227' title='bbox 971 1751 1093 1802; x_wconf 82' lang='lat' dir='ltr'><strong>luissent.</strong></span> <span class='ocrx_word' id='word_1_228' title='bbox 1130 1750 1234 1801; x_wconf 82' lang='lat' dir='ltr'><strong>Eadem</strong></span> <span class='ocrx_word' id='word_1_229' title='bbox 1248 1750 1296 1801; x_wconf 88' lang='lat' dir='ltr'><strong>illa</strong></span> <span class='ocrx_word' id='word_1_230' title='bbox 1310 1748 1394 1799; x_wconf 69' lang='lat' dir='ltr'><strong>stilae</strong></span> 
     </span>
     <span class='ocr_line' id='line_1_49' title="bbox 889 1838 1393 1904; baseline -0.006 -14"><span class='ocrx_word' id='word_1_231' title='bbox 889 1841 962 1904; x_wconf 72' lang='lat' dir='ltr'><strong>lege,</strong></span> <span class='ocrx_word' id='word_1_232' title='bbox 994 1846 1025 1889; x_wconf 91' lang='lat' dir='ltr'><strong>ut</strong></span> <span class='ocrx_word' id='word_1_233' title='bbox 1045 1839 1125 1890; x_wconf 87' lang='lat' dir='ltr'><strong>modo</strong></span> <span class='ocrx_word' id='word_1_234' title='bbox 1142 1838 1212 1897; x_wconf 81' lang='lat' dir='ltr'><strong>dlxi,</strong></span> <span class='ocrx_word' id='word_1_235' title='bbox 1244 1838 1393 1889; x_wconf 75' lang='lat' dir='ltr'><strong>Volaterra-</strong></span> 
     </span>
     <span class='ocr_line' id='line_1_50' title="bbox 888 1927 1393 1989; baseline -0.004 -10"><span class='ocrx_word' id='word_1_236' title='bbox 888 1931 931 1979; x_wconf 71' lang='grc' dir='ltr'><strong>πίε</strong></span> <span class='ocrx_word' id='word_1_237' title='bbox 943 1935 970 1979; x_wconf 91' lang='lat' dir='ltr'><strong>et</strong></span> <span class='ocrx_word' id='word_1_238' title='bbox 980 1929 1113 1978; x_wconf 78' lang='lat' dir='ltr'><strong>Arretinis</strong></span> <span class='ocrx_word' id='word_1_239' title='bbox 1125 1927 1254 1989; x_wconf 76' lang='lat' dir='ltr'><strong>adempte</strong></span> <span class='ocrx_word' id='word_1_240' title='bbox 1275 1934 1319 1978; x_wconf 87' lang='lat' dir='ltr'><strong>est</strong></span> <span class='ocrx_word' id='word_1_241' title='bbox 1336 1927 1393 1977; x_wconf 85' lang='lat' dir='ltr'><strong>elul</strong></span> 
     </span>
     <span class='ocr_line' id='line_1_51' title="bbox 890 2014 1393 2078; baseline -0.006 -11"><span class='ocrx_word' id='word_1_242' title='bbox 890 2024 938 2067; x_wconf 85' lang='lat' dir='ltr'><strong>trs.</strong></span> <span class='ocrx_word' id='word_1_243' title='bbox 982 2016 1035 2068; x_wconf 89' lang='lat' dir='ltr'><strong>Sed</strong></span> <span class='ocrx_word' id='word_1_244' title='bbox 1058 2018 1123 2067; x_wconf 78' lang='lat' dir='ltr'><strong>boec</strong></span> <span class='ocrx_word' id='word_1_245' title='bbox 1144 2016 1273 2066; x_wconf 72' lang='lat' dir='ltr'><strong>Etrurine</strong></span> <span class='ocrx_word' id='word_1_246' title='bbox 1299 2014 1393 2078; x_wconf 87' lang='lat' dir='ltr'><strong>oppida</strong></span> 
     </span>
     <span class='ocr_line' id='line_1_52' title="bbox 890 2104 1393 2157; baseline -0.008 0"><span class='ocrx_word' id='word_1_247' title='bbox 890 2106 1054 2157; x_wconf 80' lang='lat' dir='ltr'><strong>colonienses</strong></span> <span class='ocrx_word' id='word_1_248' title='bbox 1087 2104 1249 2154; x_wconf 78' lang='lat' dir='ltr'><strong>Lotlnerum</strong></span> <span class='ocrx_word' id='word_1_249' title='bbox 1287 2108 1393 2155; x_wconf 84' lang='lat' dir='ltr'><strong>nnmele</strong></span> 
     </span>
     <span class='ocr_line' id='line_1_53' title="bbox 891 2191 1391 2255; baseline -0.014 -9"><span class='ocrx_word' id='word_1_250' title='bbox 891 2196 953 2247; x_wconf 82' lang='lat' dir='ltr'><strong>nllrn</strong></span> <span class='ocrx_word' id='word_1_251' title='bbox 966 2193 1063 2253; x_wconf 82' lang='lat' dir='ltr'><strong>tuisse,</strong></span> <span class='ocrx_word' id='word_1_252' title='bbox 1083 2206 1178 2255; x_wconf 89' lang='lat' dir='ltr'><strong>parum</strong></span> <span class='ocrx_word' id='word_1_253' title='bbox 1196 2191 1331 2245; x_wconf 82' lang='lat' dir='ltr'><strong>credibile</strong></span> <span class='ocrx_word' id='word_1_254' title='bbox 1350 2197 1391 2243; x_wconf 87' lang='lat' dir='ltr'><strong>eet</strong></span> 
     </span>
     <span class='ocr_line' id='line_1_54' title="bbox 890 2279 1392 2345; baseline -0.008 -10"><span class='ocrx_word' id='word_1_255' title='bbox 890 2283 1043 2335; x_wconf 84' lang='lat' dir='ltr'><strong>Videndum</strong></span> <span class='ocrx_word' id='word_1_256' title='bbox 1058 2284 1152 2345; x_wconf 80' lang='lat' dir='ltr'><strong>igilur,</strong></span> <span class='ocrx_word' id='word_1_257' title='bbox 1173 2294 1208 2332; x_wconf 90' lang='lat' dir='ltr'><strong>ne</strong></span> <span class='ocrx_word' id='word_1_258' title='bbox 1221 2286 1270 2331; x_wconf 91' lang='lat' dir='ltr'><strong>aut</strong></span> <span class='ocrx_word' id='word_1_259' title='bbox 1280 2282 1327 2331; x_wconf 81' lang='lat' dir='ltr'><strong>lus</strong></span> <span class='ocrx_word' id='word_1_260' title='bbox 1338 2279 1392 2331; x_wconf 57' lang='lat' dir='ltr'><strong>elib</strong></span> 
     </span>
     <span class='ocr_line' id='line_1_55' title="bbox 891 2368 1391 2424; baseline -0.014 -1"><span class='ocrx_word' id='word_1_261' title='bbox 891 2375 955 2424; x_wconf 79' lang='lat' dir='ltr'><strong>tntis</strong></span> <span class='ocrx_word' id='word_1_262' title='bbox 976 2371 1111 2420; x_wconf 83' lang='lat' dir='ltr'><strong>ilomanue</strong></span> <span class='ocrx_word' id='word_1_263' title='bbox 1132 2372 1185 2419; x_wconf 91' lang='lat' dir='ltr'><strong>lam</strong></span> <span class='ocrx_word' id='word_1_264' title='bbox 1211 2375 1275 2420; x_wconf 88' lang='lat' dir='ltr'><strong>anle</strong></span> <span class='ocrx_word' id='word_1_265' title='bbox 1301 2368 1391 2421; x_wconf 87' lang='lat' dir='ltr'><strong>bellun</strong></span> 
     </span>
     <span class='ocr_line' id='line_1_56' title="bbox 891 2458 1392 2529; baseline -0.016 -16"><span class='ocrx_word' id='word_1_266' title='bbox 891 2462 1014 2513; x_wconf 88' lang='lat' dir='ltr'><strong>llallcnm</strong></span> <span class='ocrx_word' id='word_1_267' title='bbox 1032 2459 1193 2517; x_wconf 86' lang='lat' dir='ltr'><strong>habuerint,</strong></span> <span class='ocrx_word' id='word_1_268' title='bbox 1214 2463 1263 2510; x_wconf 85' lang='lat' dir='ltr'><strong>aul</strong></span> <span class='ocrx_word' id='word_1_269' title='bbox 1281 2458 1392 2529; x_wconf 72' lang='lat' dir='ltr'><strong>pereprl</strong></span> 
     </span>
     <span class='ocr_line' id='line_1_57' title="bbox 890 2547 1392 2600; baseline -0.008 0"><span class='ocrx_word' id='word_1_270' title='bbox 890 2564 930 2600; x_wconf 80' lang='lat' dir='ltr'><strong>nn</strong></span> <span class='ocrx_word' id='word_1_271' title='bbox 964 2550 1063 2599; x_wconf 79' lang='lat' dir='ltr'><strong>elutum</strong></span> <span class='ocrx_word' id='word_1_272' title='bbox 1100 2560 1213 2596; x_wconf 74' lang='lat' dir='ltr'><strong>morum</strong></span> <span class='ocrx_word' id='word_1_273' title='bbox 1245 2547 1392 2597; x_wconf 77' lang='lat' dir='ltr'><strong>ensdleleni</strong></span> 
     </span>
     <span class='ocr_line' id='line_1_58' title="bbox 891 2636 1391 2700; baseline -0.008 -10"><span class='ocrx_word' id='word_1_274' title='bbox 891 2641 996 2700; x_wconf 78' lang='lat' dir='ltr'><strong>antiqui</strong></span> <span class='ocrx_word' id='word_1_275' title='bbox 1024 2636 1139 2687; x_wconf 83' lang='lat' dir='ltr'><strong>loederls</strong></span> <span class='ocrx_word' id='word_1_276' title='bbox 1167 2637 1281 2686; x_wconf 88' lang='lat' dir='ltr'><strong>uinculo</strong></span> <span class='ocrx_word' id='word_1_277' title='bbox 1313 2639 1391 2686; x_wconf 72' lang='lat' dir='ltr'><strong>luade</strong></span> 
     </span>
     <span class='ocr_line' id='line_1_59' title="bbox 893 2725 1391 2787; baseline -0.016 -9"><span class='ocrx_word' id='word_1_278' title='bbox 893 2736 957 2779; x_wconf 85' lang='lat' dir='ltr'><strong>tunc</strong></span> <span class='ocrx_word' id='word_1_279' title='bbox 976 2732 1004 2778; x_wconf 86' lang='lat' dir='ltr'><strong>et</strong></span> <span class='ocrx_word' id='word_1_280' title='bbox 1020 2727 1138 2775; x_wconf 86' lang='lat' dir='ltr'><strong>subiecta</strong></span> <span class='ocrx_word' id='word_1_281' title='bbox 1158 2725 1261 2787; x_wconf 88' lang='lat' dir='ltr'><strong>populo</strong></span> <span class='ocrx_word' id='word_1_282' title='bbox 1281 2725 1391 2777; x_wconf 79' lang='lat' dir='ltr'><strong>Romano</strong></span> 
     </span>
     <span class='ocr_line' id='line_1_60' title="bbox 892 2813 1390 2868; baseline -0.01 -2"><span class='ocrx_word' id='word_1_283' title='bbox 892 2818 999 2868; x_wconf 86' lang='lat' dir='ltr'><strong>luerint.</strong></span> <span class='ocrx_word' id='word_1_284' title='bbox 1042 2813 1172 2864; x_wconf 82' lang='lat' dir='ltr'><strong>Utrolibet</strong></span> <span class='ocrx_word' id='word_1_285' title='bbox 1191 2819 1288 2864; x_wconf 89' lang='lat' dir='ltr'><strong>autem</strong></span> <span class='ocrx_word' id='word_1_286' title='bbox 1313 2813 1390 2864; x_wconf 87' lang='lat' dir='ltr'><strong>condi·</strong></span> 
     </span>
     <span class='ocr_line' id='line_1_61' title="bbox 892 2903 1388 2964; baseline -0.014 -8"><span class='ocrx_word' id='word_1_287' title='bbox 892 2909 968 2956; x_wconf 86' lang='lat' dir='ltr'><strong>etone</strong></span> <span class='ocrx_word' id='word_1_288' title='bbox 982 2917 1013 2954; x_wconf 93' lang='lat' dir='ltr'><strong>ea</strong></span> <span class='ocrx_word' id='word_1_289' title='bbox 1027 2903 1124 2964; x_wconf 91' lang='lat' dir='ltr'><strong>oppida</strong></span> <span class='ocrx_word' id='word_1_290' title='bbox 1143 2915 1204 2952; x_wconf 90' lang='lat' dir='ltr'><strong>cum</strong></span> <span class='ocrx_word' id='word_1_291' title='bbox 1225 2903 1333 2953; x_wconf 88' lang='lat' dir='ltr'><strong>ciuibus</strong></span> <span class='ocrx_word' id='word_1_292' title='bbox 1344 2903 1388 2952; x_wconf 85' lang='lat' dir='ltr'><strong>suls</strong></span> 
     </span>
     <span class='ocr_line' id='line_1_62' title="bbox 892 2991 1389 3051; baseline -0.012 -4"><span class='ocrx_word' id='word_1_293' title='bbox 892 3002 953 3047; x_wconf 89' lang='lat' dir='ltr'><strong>anie</strong></span> <span class='ocrx_word' id='word_1_294' title='bbox 967 2992 1066 3042; x_wconf 90' lang='lat' dir='ltr'><strong>bellum</strong></span> <span class='ocrx_word' id='word_1_295' title='bbox 1081 2992 1178 3042; x_wconf 82' lang='lat' dir='ltr'><strong>soclsls</strong></span> <span class='ocrx_word' id='word_1_296' title='bbox 1199 2991 1333 3051; x_wconf 82' lang='lat' dir='ltr'><strong>luissent,</strong></span> <span class='ocrx_word' id='word_1_297' title='bbox 1355 3004 1389 3041; x_wconf 78' lang='lat' dir='ltr'><strong>ne</strong></span> 
     </span>
     <span class='ocr_line' id='line_1_63' title="bbox 893 3079 1390 3133; baseline -0.012 0"><span class='ocrx_word' id='word_1_298' title='bbox 893 3084 1035 3133; x_wconf 87' lang='lat' dir='ltr'><strong>cessarium</strong></span> <span class='ocrx_word' id='word_1_299' title='bbox 1054 3080 1105 3129; x_wconf 90' lang='lat' dir='ltr'><strong>lull</strong></span> <span class='ocrx_word' id='word_1_300' title='bbox 1132 3079 1225 3129; x_wconf 82' lang='lat' dir='ltr'><strong>Sullae</strong></span> <span class='ocrx_word' id='word_1_301' title='bbox 1265 3083 1390 3131; x_wconf 83' lang='lat' dir='ltr'><strong>elullalrn</strong></span> 
     </span>
     <span class='ocr_line' id='line_1_64' title="bbox 892 3171 1390 3233; baseline -0.018 -10"><span class='ocrx_word' id='word_1_302' title='bbox 892 3172 1029 3233; x_wconf 76' lang='lat' dir='ltr'><strong>abroganti</strong></span> <span class='ocrx_word' id='word_1_303' title='bbox 1049 3171 1106 3231; x_wconf 72' lang='lat' dir='ltr'><strong>lege</strong></span> <span class='ocrx_word' id='word_1_304' title='bbox 1125 3182 1172 3218; x_wconf 86' lang='lat' dir='ltr'><strong>sua</strong></span> <span class='ocrx_word' id='word_1_305' title='bbox 1197 3180 1317 3229; x_wconf 71' lang='lat' dir='ltr'><strong>unere,</strong></span> <span class='ocrx_word' id='word_1_306' title='bbox 1348 3178 1390 3232; x_wconf 82' lang='lat' dir='ltr'><strong>qne</strong></span> 
     </span>
     <span class='ocr_line' id='line_1_65' title="bbox 893 3257 1388 3321; baseline -0.014 -11"><span class='ocrx_word' id='word_1_307' title='bbox 893 3264 951 3310; x_wconf 91' lang='lat' dir='ltr'><strong>iure</strong></span> <span class='ocrx_word' id='word_1_308' title='bbox 979 3260 1106 3319; x_wconf 84' lang='lat' dir='ltr'><strong>deinceps</strong></span> <span class='ocrx_word' id='word_1_309' title='bbox 1140 3260 1178 3306; x_wconf 90' lang='lat' dir='ltr'><strong>utl</strong></span> <span class='ocrx_word' id='word_1_310' title='bbox 1209 3272 1242 3308; x_wconf 86' lang='lat' dir='ltr'><strong>ea</strong></span> <span class='ocrx_word' id='word_1_311' title='bbox 1274 3257 1388 3321; x_wconf 82' lang='lat' dir='ltr'><strong>placeret</strong></span> 
     </span>
     <span class='ocr_line' id='line_1_66' title="bbox 894 3346 1389 3411; baseline -0.006 -13"><span class='ocrx_word' id='word_1_312' title='bbox 894 3350 1040 3399; x_wconf 84' lang='lat' dir='ltr'><strong>Enimuero</strong></span> <span class='ocrx_word' id='word_1_313' title='bbox 1064 3349 1086 3396; x_wconf 89' lang='lat' dir='ltr'><strong>sl</strong></span> <span class='ocrx_word' id='word_1_314' title='bbox 1106 3349 1157 3395; x_wconf 92' lang='lat' dir='ltr'><strong>lam</strong></span> <span class='ocrx_word' id='word_1_315' title='bbox 1174 3353 1239 3396; x_wconf 91' lang='lat' dir='ltr'><strong>ante</strong></span> <span class='ocrx_word' id='word_1_316' title='bbox 1256 3346 1343 3411; x_wconf 74' lang='lat' dir='ltr'><strong>legem</strong></span> <span class='ocrx_word' id='word_1_317' title='bbox 1359 3346 1389 3395; x_wconf 72' lang='lat' dir='ltr'><strong>le</strong></span> 
     </span>
     <span class='ocr_line' id='line_1_67' title="bbox 892 3435 1391 3487; baseline -0.002 0"><span class='ocrx_word' id='word_1_318' title='bbox 892 3438 956 3487; x_wconf 82' lang='lat' dir='ltr'><strong>liam</strong></span> <span class='ocrx_word' id='word_1_319' title='bbox 975 3439 1110 3486; x_wconf 87' lang='lat' dir='ltr'><strong>ciuitatem</strong></span> <span class='ocrx_word' id='word_1_320' title='bbox 1129 3435 1282 3485; x_wconf 87' lang='lat' dir='ltr'><strong>iiomsnam</strong></span> <span class='ocrx_word' id='word_1_321' title='bbox 1298 3436 1391 3486; x_wconf 79' lang='lat' dir='ltr'><strong>babuli·</strong></span> 
     </span>
     <span class='ocr_line' id='line_1_68' title="bbox 893 3522 1389 3585; baseline -0.012 -7"><span class='ocrx_word' id='word_1_322' title='bbox 893 3531 969 3584; x_wconf 84' lang='lat' dir='ltr'><strong>sent,</strong></span> <span class='ocrx_word' id='word_1_323' title='bbox 995 3538 1047 3574; x_wconf 89' lang='lat' dir='ltr'><strong>non</strong></span> <span class='ocrx_word' id='word_1_324' title='bbox 1068 3526 1171 3585; x_wconf 90' lang='lat' dir='ltr'><strong>potuit,</strong></span> <span class='ocrx_word' id='word_1_325' title='bbox 1200 3527 1275 3574; x_wconf 87' lang='lat' dir='ltr'><strong>sicut</strong></span> <span class='ocrx_word' id='word_1_326' title='bbox 1296 3527 1325 3574; x_wconf 93' lang='lat' dir='ltr'><strong>ln</strong></span> <span class='ocrx_word' id='word_1_327' title='bbox 1345 3522 1389 3575; x_wconf 74' lang='lat' dir='ltr'><strong>trt-</strong></span> 
     </span>
     <span class='ocr_line' id='line_1_69' title="bbox 892 3612 1388 3671; baseline -0.008 -8"><span class='ocrx_word' id='word_1_328' title='bbox 892 3615 1067 3668; x_wconf 81' lang='lat' dir='ltr'><strong>minenslbus,</strong></span> <span class='ocrx_word' id='word_1_329' title='bbox 1082 3614 1178 3671; x_wconf 90' lang='lat' dir='ltr'><strong>statui,</strong></span> <span class='ocrx_word' id='word_1_330' title='bbox 1194 3620 1226 3662; x_wconf 90' lang='lat' dir='ltr'><strong>ul</strong></span> <span class='ocrx_word' id='word_1_331' title='bbox 1237 3612 1335 3665; x_wconf 86' lang='lat' dir='ltr'><strong>endem</strong></span> <span class='ocrx_word' id='word_1_332' title='bbox 1345 3617 1388 3663; x_wconf 85' lang='lat' dir='ltr'><strong>lore</strong></span> 
     </span>
     <span class='ocr_line' id='line_1_70' title="bbox 894 3701 1388 3766; baseline -0.008 -11"><span class='ocrx_word' id='word_1_333' title='bbox 894 3709 992 3762; x_wconf 85' lang='lat' dir='ltr'><strong>essent,</strong></span> <span class='ocrx_word' id='word_1_334' title='bbox 1012 3716 1068 3766; x_wconf 84' lang='lat' dir='ltr'><strong>quo</strong></span> <span class='ocrx_word' id='word_1_335' title='bbox 1086 3709 1147 3752; x_wconf 88' lang='lat' dir='ltr'><strong>ante</strong></span> <span class='ocrx_word' id='word_1_336' title='bbox 1167 3701 1270 3752; x_wconf 83' lang='lat' dir='ltr'><strong>bellum</strong></span> <span class='ocrx_word' id='word_1_337' title='bbox 1281 3703 1388 3754; x_wconf 78' lang='lat' dir='ltr'><strong>itallem</strong></span> 
     </span>
     <span class='ocr_line' id='line_1_71' title="bbox 894 3787 1387 3850; baseline -0.008 -9"><span class='ocrx_word' id='word_1_338' title='bbox 894 3792 1025 3850; x_wconf 84' lang='lat' dir='ltr'><strong>luissent,</strong></span> <span class='ocrx_word' id='word_1_339' title='bbox 1045 3803 1106 3840; x_wconf 92' lang='lat' dir='ltr'><strong>narn</strong></span> <span class='ocrx_word' id='word_1_340' title='bbox 1120 3790 1170 3840; x_wconf 86' lang='lat' dir='ltr'><strong>boc</strong></span> <span class='ocrx_word' id='word_1_341' title='bbox 1184 3791 1267 3841; x_wconf 85' lang='lat' dir='ltr'><strong>modo</strong></span> <span class='ocrx_word' id='word_1_342' title='bbox 1281 3794 1323 3842; x_wconf 81' lang='lat' dir='ltr'><strong>ius</strong></span> <span class='ocrx_word' id='word_1_343' title='bbox 1338 3787 1387 3841; x_wconf 81' lang='lat' dir='ltr'><strong>eld-</strong></span> 
     </span>
     <span class='ocr_line' id='line_1_72' title="bbox 894 3873 1386 3932; baseline -0.01 0"><span class='ocrx_word' id='word_1_344' title='bbox 894 3884 955 3932; x_wconf 86' lang='lat' dir='ltr'><strong>tatls</strong></span> <span class='ocrx_word' id='word_1_345' title='bbox 985 3892 1037 3929; x_wconf 89' lang='lat' dir='ltr'><strong>non</strong></span> <span class='ocrx_word' id='word_1_346' title='bbox 1075 3881 1237 3929; x_wconf 83' lang='lat' dir='ltr'><strong>amisissent.</strong></span> <span class='ocrx_word' id='word_1_347' title='bbox 1289 3873 1386 3930; x_wconf 74' lang='lat' dir='ltr'><strong>billieilt</strong></span> 
     </span>
     <span class='ocr_line' id='line_1_73' title="bbox 894 3966 1386 4026; baseline -0.014 -5"><span class='ocrx_word' id='word_1_348' title='bbox 894 3977 983 4022; x_wconf 86' lang='lat' dir='ltr'><strong>eutem</strong></span> <span class='ocrx_word' id='word_1_349' title='bbox 995 3966 1105 4020; x_wconf 77' lang='lat' dir='ltr'><strong>tortasse</strong></span> <span class='ocrx_word' id='word_1_350' title='bbox 1117 3971 1208 4018; x_wconf 85' lang='lat' dir='ltr'><strong>ultum</strong></span> <span class='ocrx_word' id='word_1_351' title='bbox 1222 3974 1280 4026; x_wconf 84' lang='lat' dir='ltr'><strong>est,</strong></span> <span class='ocrx_word' id='word_1_352' title='bbox 1304 3971 1386 4019; x_wconf 73' lang='lat' dir='ltr'><strong>nonan</strong></span> 
     </span>
     <span class='ocr_line' id='line_1_74' title="bbox 894 4055 1387 4120; baseline -0.014 -11"><span class='ocrx_word' id='word_1_353' title='bbox 894 4072 987 4109; x_wconf 88' lang='lat' dir='ltr'><strong>eorum</strong></span> <span class='ocrx_word' id='word_1_354' title='bbox 1008 4058 1050 4106; x_wconf 91' lang='lat' dir='ltr'><strong>ius</strong></span> <span class='ocrx_word' id='word_1_355' title='bbox 1069 4070 1099 4107; x_wconf 88' lang='lat' dir='ltr'><strong>er</strong></span> <span class='ocrx_word' id='word_1_356' title='bbox 1119 4059 1209 4118; x_wconf 86' lang='lat' dir='ltr'><strong>prisco</strong></span> <span class='ocrx_word' id='word_1_357' title='bbox 1229 4055 1322 4120; x_wconf 82' lang='lat' dir='ltr'><strong>aliquo</strong></span> <span class='ocrx_word' id='word_1_358' title='bbox 1344 4055 1387 4104; x_wconf 80' lang='lat' dir='ltr'><strong>dir</strong></span> 
     </span>
     <span class='ocr_line' id='line_1_75' title="bbox 895 4145 1392 4210; baseline -0.006 -12"><span class='ocrx_word' id='word_1_359' title='bbox 895 4161 947 4210; x_wconf 80' lang='lat' dir='ltr'><strong>que</strong></span> <span class='ocrx_word' id='word_1_360' title='bbox 975 4145 1096 4196; x_wconf 88' lang='lat' dir='ltr'><strong>obsoleto</strong></span> <span class='ocrx_word' id='word_1_361' title='bbox 1121 4152 1192 4195; x_wconf 86' lang='lat' dir='ltr'><strong>statu</strong></span> <span class='ocrx_word' id='word_1_362' title='bbox 1223 4158 1255 4195; x_wconf 93' lang='lat' dir='ltr'><strong>ac</strong></span> <span class='ocrx_word' id='word_1_363' title='bbox 1282 4146 1392 4207; x_wconf 71' lang='lat' dir='ltr'><strong>temper·</strong></span> 
     </span>
     <span class='ocr_line' id='line_1_76' title="bbox 893 4237 1396 4299; baseline 0.01 -14"><span class='ocrx_word' id='word_1_364' title='bbox 893 4240 1024 4299; x_wconf 86' lang='lat' dir='ltr'><strong>repetere.</strong></span> <span class='ocrx_word' id='word_1_365' title='bbox 1063 4238 1162 4289; x_wconf 86' lang='lat' dir='ltr'><strong>Contra</strong></span> <span class='ocrx_word' id='word_1_366' title='bbox 1181 4241 1203 4288; x_wconf 93' lang='lat' dir='ltr'><strong>sl</strong></span> <span class='ocrx_word' id='word_1_367' title='bbox 1218 4239 1273 4289; x_wconf 88' lang='lat' dir='ltr'><strong>dno</strong></span> <span class='ocrx_word' id='word_1_368' title='bbox 1294 4237 1338 4288; x_wconf 93' lang='lat' dir='ltr'><strong>illa</strong></span> <span class='ocrx_word' id='word_1_369' title='bbox 1353 4241 1396 4290; x_wconf 69' lang='lat' dir='ltr'><strong>eli·</strong></span> 
     </span>
    </p>
   </div>
   <div class='ocr_carea' id='block_1_7' title="bbox 0 0 1572 5046">
    <p class='ocr_par' dir='ltr' id='par_1_7' title="bbox 0 0 1572 5046">
     <span class='ocr_line' id='line_1_77' title="bbox 0 0 1572 5046; baseline 0 0"><span class='ocrx_word' id='word_1_370' title='bbox 0 0 1572 5046; x_wconf 95' lang='lat' dir='ltr'><strong> </strong></span> 
     </span>
    </p>
   </div>
  </div>
 </body>
</html>
