3114 5046
455 412 518 475 580
578 404 672 510 Gap.
701 407 735 485 Ι.
788 405 849 484 Do
874 408 961 483 iure
986 427 1147 482 causaue
1175 401 1397 484 Teutam.

282 625 435 678 mmmm
517 598 683 687 Quocirca
705 594 793 685 quod
817 601 850 664 in
872 596 923 665 M.
949 595 1059 663 itanu
1075 596 1219 663 formula
1236 597 1282 664 de
1299 597 1402 665 barth
1415 602 1519 685 ruptis

453 722 534 789 nihii
557 724 669 804 extat,
690 720 780 787 haud
801 722 877 786 leue
897 718 1032 784 uidetur
1049 717 1274 785 adiumentum
1291 719 1417 786 afferre
1434 716 1520 786 Ora·

452 864 546 912 mera
569 845 726 934 neganti,
749 843 848 908 uilam
870 841 934 908 hoa
957 839 1101 906 edietum
1122 843 1361 927 actionemque
1381 836 1434 908 M.
1451 841 1520 909 iat·

452 967 536 1033 atilli
557 969 717 1033 bonorum
739 966 911 1050 raptorum
934 964 1132 1028 mentionem
1153 961 1324 1029 habuisse.

514 1085 565 1153 At
586 1089 688 1172 enim,
709 1085 787 1151 mihi
808 1087 946 1173 regerat
965 1085 1104 1170 aliquis,
1135 1085 1165 1149 ei
1194 1083 1282 1150 adea
1309 1083 1519 1172 frequentur

451 1209 516 1275 hoc
537 1226 665 1298 genere
688 1210 741 1273 eat
761 1207 951 1291 rapinarum
974 1222 1048 1272 cum
1070 1204 1200 1271 damnis
1214 1203 1305 1272 datis
1323 1207 1519 1288 euniunetin,

452 1348 539 1412 quae
559 1330 647 1395 ratio
670 1331 722 1394 eet
750 1326 910 1413 credere,
935 1322 988 1393 M.
1011 1325 1198 1394 bemilam
1225 1325 1430 1395 Praetorem
1450 1330 1518 1395 naui

453 1452 541 1516 iliius
556 1451 732 1535 seuerique
747 1448 859 1515 iudicii
875 1449 1047 1515 formulam
1062 1453 1131 1515 tam
1149 1450 1271 1516 inscite
1286 1450 1518 1537 componier,

450 1576 488 1637 ut
510 1571 746 1657 praetermissa
768 1570 929 1637 bonorum
944 1573 1115 1653 raptorum
1134 1570 1304 1637 mentione
1322 1572 1431 1638 ueluti
1448 1569 1517 1636 data

439 1712 555 1778 apere
577 1710 673 1759 omne
694 1691 761 1759 hoc
782 1692 972 1778 rapinarum
993 1709 1104 1779 genua
1133 1677 1335 1759 enaiuderet
1356 1694 1515 1779 totumque

451 1814 604 1881 iudicium
630 1813 822 1880 damnorum
854 1812 1006 1878 datarum
1038 1813 1188 1878 terminis
1208 1802 1514 1883 circumscriberet

514 1934 590 2020 Qua
612 1936 654 2002 de
674 1955 715 2003 re
736 1937 786 2002 sic
808 1952 881 2001 mea
902 1936 1097 2002 coniectura
1118 1935 1186 2000 fert
1206 1936 1245 1999 ut
1268 1936 1464 2004 existimem.

513 2059 615 2126 Nulia
636 2058 699 2123 fuit
721 2058 889 2124 tortorum
909 2061 1093 2134 raptorum
1117 2054 1246 2122 diserta
1270 2059 1398 2124 mentia
1419 2071 1511 2140 neunt

450 2183 486 2247 in
503 2178 554 2252 M.
568 2179 710 2247 Intcutlt
728 2197 837 2265 neque
852 2179 887 2244 in
906 2177 949 2244 L.
964 2174 1104 2245 Metettt
1122 2178 1312 2244 eaeterisue
1334 2180 1426 2246 iilius
1439 2182 1510 2244 te·-

452 2301 596 2388 peetatis
610 2299 751 2386 Relictis,
770 2302 918 2365 attamen
936 2299 1162 2388 praemetuit,
1178 2301 1366 2367 utiliorum
1381 2300 1509 2368 Praeta-

450 2442 522 2491 rum
539 2425 709 2508 quisquam
723 2422 897 2488 liberatum
912 2420 1034 2488 iudicio
1045 2424 1308 2509 excusatumque
1323 2424 1428 2490 uellet
1440 2438 1507 2501 eun,

452 2545 509 2631 qui
530 2546 674 2634 negaret
695 2563 733 2611 ee
755 2545 932 2633 occiduae,
953 2544 1175 2635 vulturam,
1197 2547 1258 2611 aut
1278 2549 1428 2635 uertere,
1446 2540 1507 2630 sre-

452 2670 562 2756 9iree‚
591 2671 744 2756 irupisse,
771 2668 897 2731 tantum
918 2665 1100 2752 fateretur,
1124 2667 1156 2730 ui
1175 2664 1369 2734 hominibus
1389 2665 1506 2734 aranu

453 2789 625 2854 coactisue
640 2806 678 2854 se
696 2789 862 2874 quaslibet
875 2805 932 2853 res
946 2791 1103 2875 integras
1118 2787 1307 2875 saluasque
1326 2788 1504 2857 atatam

516 2906 605 2991 Quid
632 2902 743 2975 enim?
780 2911 809 2975 si
838 2911 912 2994 quis
947 2912 1079 2975 centum
1105 2928 1255 2975 nummos
1286 2911 1344 2977 uei
1378 2907 1503 2976 eiusde!

452 3033 552 3116 pretii
573 3050 641 3096 rem
665 3031 741 3095 mihi
763 3032 977 3117 subripuerit,
999 3029 1077 3116 quid
1096 3031 1222 3114 poterit
1245 3033 1278 3094 in
1294 3031 1436 3097 Latinae
1450 3030 1503 3094 iin-

450 3172 540 3240 guae
563 3151 675 3217 indole
697 3171 737 3218 aa
760 3153 892 3238 legibus
910 3156 968 3217 aut
984 3153 1018 3216 in
1038 3171 1100 3217 usu
1116 3153 1296 3237 sermonis,
1318 3154 1392 3220 siue
1409 3149 1502 3237 quati-

452 3274 542 3340 diani
571 3275 643 3339 siue
673 3273 819 3339 forensis
847 3292 888 3339 aa
918 3275 1075 3361 legitimi,
1102 3275 1260 3360 inueniri,
1288 3273 1379 3360 quod
1401 3273 1501 3349 obstet

451 3397 530 3481 quin
553 3393 674 3480 dicam,
704 3399 835 3462 centum
872 3414 1073 3461 nummorum
1103 3396 1271 3461 dumetum
1301 3415 1354 3462 me
1379 3408 1500 3482 pesam

451 3534 542 3604 esse,
564 3517 619 3581 uei
642 3519 757 3582 tantae
779 3518 942 3601 pecuniae
964 3518 1131 3583 damarum
1163 3516 1252 3581 ilium
1280 3516 1360 3582 mihi
1386 3516 1499 3583 dedita

450 3640 508 3702 aut
527 3633 681 3721 sectare?
712 3634 800 3719 Quid
823 3638 910 3723 quod
933 3641 1031 3704 etiam
1055 3641 1127 3724 ipsu
1148 3638 1231 3703 iurti
1253 3640 1345 3705 aetia
1366 3640 1415 3705 sic
1432 3651 1497 3703 con-

451 3762 551 3844 cepta
573 3759 651 3844 fuit,
673 3763 711 3823 ut
732 3758 982 3846 intenderetur,
1003 3779 1067 3847 pro
1087 3756 1169 3842 fure
1191 3778 1343 3826 nnnnun
1363 3757 1494 3827 demam

451 3873 695 3966 oportere?¹⁵).

487 4070 531 4134 15)
550 4073 611 4126 aas.
623 4077 669 4137 lv,
680 4075 723 4129 ar.
734 4077 779 4128 45.
803 4077 833 4126 ι.
845 4077 889 4129 61.
901 4075 953 4143 aa.
1016 4076 1127 4127 aiau.
1141 4077 1172 4129 τ.
1186 4077 1219 4128 v.
1235 4091 1263 4141 u·
1274 4078 1337 4130 5⁶⁹·
1350 4091 1404 4140 set·
1421 4095 1445 4109 ·
1461 4065 1487 4115 θ’
1541 4046 1547 4145 3

452 4161 515 4213 Μ.
527 4163 552 4212 3.
564 4164 590 4214 5.
610 4164 649 4216 Da
666 4165 751 4216 iuriis.
766 4166 797 4217 l..
812 4167 840 4218 7.
855 4181 896 4229 pr.
914 4168 954 4220 lie
1013 4166 1099 4217 tutiori
1117 4179 1198 4218 sensu
1214 4168 1292 4219 uerbi
1305 4169 1424 4218 dannan
1436 4151 1485 4208 wis·
1532 4164 1541 4233 j

453 4254 530 4304 cond.
542 4253 604 4304 iuri.
620 4252 696 4304 Cani.
719 4254 908 4321 Sauinttsyst.
925 4256 952 4305 d·
1011 4255 1145 4306 Dtrttentt
1165 4255 1298 4310 maauaie
1318 4255 1367 4307 tub
1392 4254 1414 4303 i.
1430 4261 1450 4299 i·
1471 4236 1484 4287 Ι
1531 4256 1541 4289 '¹
