3114 5046
261 327 368 414 3.5.
420 323 653 401 &bacuane
675 330 922 428 quaestiones
984 346 988 362 ·
1080 328 1121 390 97

118 511 237 581 Omnis
255 515 421 586 penditio,
445 517 901 603 quaeeonstitutaeuotione
918 517 970 603 tit,
991 536 1121 585 aeom-
1155 526 1200 568 θοι
1140 533 1289 626 mutiqu-

55 637 143 700 muni
178 635 311 701 emendi
348 635 581 722 uendendique
614 656 760 727 genere,
796 637 884 724 quod
913 641 1002 705 inter
1037 640 1192 707 duosm
1140 598 1213 683 ὦ
1223 601 1290 630 η’

54 757 210 842 priuatim
236 758 408 842 agitatur,
434 775 475 823 eo
497 761 637 824 maxime
662 759 791 847 differt,
821 759 909 846 quod
934 761 969 826 in
988 759 1053 829 hoe
1078 765 1121 830 ab

53 880 149 943 initio
177 879 309 964 utrique
331 879 470 945 liberum
497 882 567 961 est,
595 883 662 946 iem
692 880 734 947 de
761 900 800 946 re
828 885 862 947 et
888 883 998 967 pretio
1025 902 1122 969 quam

55 998 93 1065 de
116 998 219 1065 modo
240 1018 281 1067 ae
301 1005 470 1088 tempore,
502 1000 646 1087 denique
667 1001 709 1067 de
731 1003 817 1067 omni
843 1020 882 1067 re
909 1008 943 1068 et
964 1009 1122 1088 praesta-

54 1123 167 1205 tione,
197 1141 295 1210 quam
316 1126 512 1190 contractus
533 1123 668 1188 ineundi
692 1126 813 1188 natura
835 1125 974 1210 recipit,
1003 1144 1122 1214 quam·

53 1245 134 1310 ibet
156 1243 388 1310 condicionem
406 1243 514 1332 ierre,
534 1245 680 1332 reterre,
702 1245 804 1310 latam
824 1245 998 1331 accipere,
1020 1264 1122 1313 reeu-

54 1384 141 1450 sare,
158 1366 236 1430 eine
250 1370 309 1429 aut
323 1365 469 1431 adiicere
484 1369 542 1431 aut
556 1365 745 1447 detrahere,
756 1369 913 1432 uniuersa
927 1371 1123 1435 contractus

54 1487 128 1575 iege
157 1485 306 1572 undique
334 1488 463 1554 ineerta
488 1505 529 1553 ae
554 1485 754 1574 fluctuante,
784 1487 892 1554 donee
913 1486 1121 1554 contrahen-

54 1611 130 1673 tium
155 1608 317 1673 uoluntas
337 1610 371 1673 in
387 1628 486 1673 unum
504 1611 577 1674 tota
596 1611 809 1675 conuenerit:
831 1612 951 1676 contre
971 1608 1014 1674 ad
1040 1609 1121 1676 illud

55 1729 275 1795 licitationum
296 1748 406 1817 genus
427 1734 522 1796 certa
542 1729 685 1815 quadam
705 1731 783 1819 iege
806 1749 892 1815 opus
906 1735 978 1815 est,
999 1748 1122 1797 auen-

55 1850 164 1917 ditore
185 1851 468 1936 empturientibus
488 1850 726 1938 proponenda,
748 1839 899 1917 omnibus
920 1851 1004 1918 loeis
1028 1851 1122 1917 finita

55 1975 85 2037 ei
116 1973 240 2038 eiausa
273 1975 505 2057 praeterquam
537 1973 663 2058 pretio:
700 1971 732 2036 id
766 1973 869 2052 enim,
905 1990 1004 2056 quum
1039 1991 1122 2058 prae

55 2095 200 2160 caeteris
222 2093 374 2159 omnibus
393 2111 521 2181 genere
542 2097 576 2158 et
600 2111 736 2159 numero
758 2096 864 2157 totum
882 2111 1015 2179 semper
1035 2112 1121 2160 oon-

56 2217 169 2300 sistat,
190 2214 344 2299 adeoque
367 2214 498 2280 facilem
519 2213 642 2281 habeat
664 2233 685 2279 a
708 2207 823 2279 minori
845 2213 888 2279 ad
912 2218 1016 2281 maius
1038 2236 1121 2301 pro-

58 2338 266 2425 gressionem
287 2335 543 2421 expeditamque
565 2337 638 2400 eius
661 2338 909 2425 progressionis
925 2340 1121 2422 perceptio-

60 2476 126 2524 nem
164 2460 270 2542 atque
302 2458 582 2538 aestimationem,
617 2458 822 2542 aptissimum
855 2461 925 2543 est,
961 2457 1050 2544 quod
1088 2462 1121 2524 in

62 2577 221 2644 hominum
237 2583 404 2644 conuentu
423 2595 464 2644 ae
477 2578 676 2644 simultanea
693 2581 961 2663 empturientium
977 2582 1121 2645 eonten-

63 2701 144 2766 iione
168 2719 190 2765 a
213 2701 318 2784 primo
341 2700 475 2767 uolente
498 2700 645 2784 quolibet
668 2698 765 2763 modo
788 2699 963 2784 offeratur,
991 2698 1121 2784 deinde,

66 2840 229 2906 quousque
256 2840 367 2886 eorum
386 2823 440 2905 qui
458 2819 580 2885 adsunt
602 2819 745 2885 studium
764 2824 940 2906 suppetat,
961 2818 1121 2886 iieitando

66 2947 239 3031 augeatur,
263 2941 306 3006 ad
329 2943 473 3007 ultimum
497 2942 588 3006 nulio
610 2940 756 3006 addente
778 2944 874 3026 quasi
899 2943 1001 3008 taeiie
1024 2941 1122 3006 finla-

68 3065 125 3145 trr,
148 3063 341 3148 finitumque
362 3066 558 3129 contractus
574 3063 699 3151 legem,
722 3064 866 3129 caeteris
884 3065 1035 3149 partibus
1051 3064 1123 3147 pri-

68 3185 154 3248 mitus
176 3185 394 3249 constitutam
416 3200 457 3248 ae
478 3183 676 3267 stabilitam,
705 3186 872 3278 complent
901 3188 935 3249 et
957 3185 1122 3249 absoluat.

120 3337 180 3409 Sie
203 3342 326 3427 ubique
346 3343 496 3428 gentium
525 3339 625 3407 hodie
654 3342 751 3408 uideo
778 3345 952 3410 auctiones
979 3343 1124 3430 institui,

71 3463 265 3550 eundemque
287 3481 409 3528 morem
430 3462 520 3550 apud
542 3462 713 3529 Romanos
731 3464 806 3529 oiim
827 3464 1028 3548 obtinuisse,
1050 3482 1122 3530 eum

71 3586 221 3671 exemplis
232 3578 255 3661 ⁴]
292 3588 359 3649 tum
395 3584 539 3650 utilitate
580 3586 764 3671 communi,
808 3586 986 3670 quinetiam
1023 3586 1124 3651 insita

73 3706 201 3787 quadam
224 3709 427 3772 necessitate
449 3705 525 3772 mihi
548 3708 832 3791 persuasissimum
856 3712 917 3771 est.

105 3945 128 3999 u
144 3947 271 3998 Videatur
288 3950 318 3996 tu
336 3947 443 3996 Verrem
462 3948 490 4000 1,
518 3947 563 3997 fit.
621 3948 652 3997 de
676 3960 753 4009 opere
774 3946 902 4008 faciundo
929 3943 1059 4011 (Puteolis
1087 3947 1125 3994 iu·

85 4042 141 4096 teqq.
160 4034 222 4084 Coto
241 4038 272 4086 da
284 4035 317 4084 a.
331 4036 364 4084 ii.
379 4050 404 4086 e.
420 4036 481 4086 rto.
502 4037 563 4095 (Ed.
622 4032 714 4095 uenia)
734 4035 806 4097 apud
826 4034 992 4083 Briasontum
1010 4036 1043 4084 de
1063 4035 1125 4082 For·

88 4116 249 4188 Schneideri),
280 4124 354 4176 coni.
387 4126 423 4174 ib.
451 4140 474 4175 e.
503 4125 562 4175 att.
623 4125 703 4173 mulis
724 4123 781 4173 Lib.
803 4124 848 4174 Vi.
868 4137 892 4173 e.
912 4125 955 4174 72.

93 4204 133 4255 1⁴5·
148 4213 203 4261 147.
223 4221 249 4264 et
268 4228 342 4278 seqq.
365 4229 389 4263 e.
405 4214 447 4264 rt.
467 4237 498 4250 -
512 4213 566 4264 tes

122 4318 228 4365 &uastum
251 4321 289 4362 inb
313 4323 327 4362 i.
833 4292 852 4351 ⁷
