3114 5046
169 372 205 448 s.
223 360 264 436 4
285 358 516 436 Deuotionis
523 312 609 435 iare
617 361 836 457 etsmmoto.
855 401 897 415 -
912 358 1150 461 Proqreosr’o.
1172 377 1236 442 ooo

169 555 298 634 terent,
327 551 362 615 in
383 550 461 638 iege
481 547 577 617 inita
598 549 805 635 municipali
825 548 969 631 nondum
995 548 1059 616 hoo
1080 548 1235 660 iqdioium
1255 567 1352 608 suen.
1364 567 1402 607 ι...

170 675 261 739 inter
281 672 411 738 famosa
432 671 629 736 enumerari.
638 665 679 744 ¹⁹)

232 827 410 898 Caeterum
436 827 639 897 admonendi
667 848 807 913 sumus,·
832 848 941 916 neque
969 835 1064 896 certa
1092 829 1232 916 quadam
1250 855 1404 909 remam

166 954 248 1042 lege
269 955 329 1018 out
349 946 655 1018 Senatusconsuito
684 949 717 1015 td
748 952 800 1017 tus
825 954 1013 1019 correctum
1042 951 1233 1038 finitumque
1252 920 1330 954 ’Μ’

168 1091 262 1158 esse,
285 1075 319 1139 et
342 1075 497 1138 maiorem
518 1090 602 1138 sane
623 1070 956 1138 iuriscoruaitorum
977 1074 1011 1138 in
1033 1072 1233 1141 illustrando

167 1191 443 1280 ementiendoque
478 1192 577 1259 huius
612 1194 758 1260 actionis
784 1198 860 1260 ture
893 1212 937 1260 oo
967 1199 1108 1260 ratione
1137 1214 1232 1280 quam

169 1313 383 1383 Praetorem
410 1317 444 1381 tn
473 1314 675 1401 corrigendo
705 1313 836 1382 Edicto
866 1315 1058 1407 oqertdtque
1077 1314 1233 1400 formula

167 1437 366 1531 industriam
388 1436 502 1504 tuisse.

232 1558 348 1642 Atque
382 1557 467 1625 haee
502 1559 657 1643 protecto
684 1575 806 1625 caussa
833 1558 917 1643 fuit,
945 1578 1007 1626 eur
1038 1561 1233 1649 progressio

166 1680 243 1766 illa,
274 1699 370 1767 quam
401 1682 505 1747 certis
534 1680 629 1766 qnasi
655 1680 866 1746 lineamentis
893 1679 1092 1747 adumbrare
1120 1683 1234 1748 eonati

165 1821 298 1887 sumus,
325 1776 394 1868 uon
420 1803 495 1867 sine
530 1803 660 1891 magnis
688 1801 961 1868 contentionibus
988 1819 1029 1868 ae
1060 1802 1233 1888 multiplici

165 1920 385 1990 fluctuatione
406 1922 518 2008 tieret,
548 1926 651 2008 atque
679 1925 757 2009 post
784 1921 909 1987 finitam
940 1941 1072 2009 quoque
1093 1924 1128 1988 in
1150 1941 1232 2009 per-

165 2048 369 2132 petuumque
390 2044 607 2111 constitutam
628 2042 742 2111 Edisti
763 2043 902 2110 formam
923 2045 958 2107 in
973 2062 1062 2110 nouo
1079 2042 1144 2111 hoo
1160 2046 1233 2112 iure

165 2168 292 2233 multae
319 2183 528 2256 magnaeque
560 2167 745 2232 uarietates
769 2166 1001 2249 remanerent,
1036 2183 1100 2234 neo
1132 2165 1233 2253 quid-

165 2306 264 2377 quam
286 2306 394 2374 paene
416 2286 540 2353 firmum
561 2305 604 2354 ao
625 2285 797 2370 durabile,
819 2289 854 2352 et
876 2305 897 2354 e
918 2288 1017 2353 nouis
1037 2289 1234 2354 tentomlnt-

166 2409 230 2477 irus
250 2426 394 2475 uacuum
416 2410 523 2474 esset:
544 2410 633 2475 siout
655 2409 817 2494 exemplis
839 2410 922 2495 illis,
945 2426 1047 2494 quae,
1069 2410 1233 2494 inparue

160 2518 299 2619 'quidem
332 2529 594 2620 fragmentorum
625 2530 742 2616 eopia,
772 2548 817 2596 ex
854 2527 997 2618 {uptam
1028 2531 1233 2617 aliorumque
1309 2596 1312 2601 .

165 2650 482 2719 iurisconsultorum
507 2651 603 2718 libris
628 2669 650 2717 a
679 2651 843 2737 principio
870 2647 1130 2735 protuitmus²⁰)‚
1157 2670 1231 2717 ma-

165 2772 382 2839 nifestissime
406 2770 609 2840 declaratur.

197 3001 245 3063 10)
264 3003 341 3055 Comi.
367 3002 489 3055 Dtrisen
510 3004 527 3055 Ι.
542 3004 559 3054 i.
583 3017 610 3067 p.
624 3004 668 3055 72.
727 3007 807 3057 ettam
825 3017 974 3065 nouorum,
990 3015 1059 3067 queo
1077 3005 1153 3066 dieo,
1173 3011 1230 3058 teu·

165 3105 192 3158 p.
201 3092 249 3144 81.
263 3104 321 3156 seq.
341 3090 484 3145 sarain.
503 3092 537 3143 ad
556 3088 624 3156 Μ.
645 3092 669 3142 1.
725 3096 856 3145 erminum
876 3093 1042 3156 puerinum
1062 3093 1126 3145 iliud
1142 3107 1230 3146 erem-

164 3181 205 3236 iie
216 3194 280 3245 poe.
293 3187 358 3234 tom.
373 3181 438 3246 ittig.
726 3183 815 3246 pium,
827 3185 854 3233 in
866 3183 898 3233 L.
910 3183 937 3233 ss.
951 3180 982 3247 8.
993 3183 1020 3234 7.
1033 3184 1062 3234 h.
1073 3190 1092 3235 t.
1107 3184 1228 3243 obuium,

198 3267 246 3338 10)
263 3271 333 3325 Vide
344 3283 404 3334 sup.
413 3284 440 3334 p.
450 3270 514 3323 557·
526 3284 614 3336 seqq„
623 3271 669 3321 ubi
726 3275 858 3325 inuenies.
