3114 5046
66 341 104 414 ‚qn
123 328 165 404 2.
194 325 253 399 De
266 335 351 399 am.
365 327 451 398 iure
468 333 504 398 et
513 326 641 420 surrid-
664 365 707 377 -
727 319 1033 409 Omiirfflwt'im·
1069 340 1133 403 5⁰⁷

131 513 227 598 Quae
260 519 297 580 ut
328 514 439 580 fatear
460 512 592 579 dubium
615 512 855 599 quedammodo
878 513 1029 600 eideere,
1060 530 1132 579 noe.
1151 550 1181 590 m
1199 561 1229 590 ,.,
1250 563 1300 595 ,,.,.

66 656 223 703 narraris
244 635 287 702 sd
313 634 458 719 Ulpiani
478 639 624 701 aetatem
648 637 776 701 saluum
799 637 992 720 peruenerit
1014 652 1132 721 necne,
1151 608 1282 650 ““““”““””

65 777 156 826 nona
176 761 289 824 tamen
310 754 472 844 quaedam
493 756 720 824 consideratio
741 776 793 823 me
815 758 971 842 impellit,
991 728 1030 822 ut
1054 754 1131 825 Su·

64 885 163 948 raude
185 881 299 965 potius
327 878 480 965 credam,
506 880 596 945 iilum
626 897 741 946 uocem
770 877 947 945 excidisse.
998 875 1131 964 Quippe

63 1005 198 1069 acturis
239 1021 367 1069 caussa
405 1001 557 1087 primitus
596 1003 755 1067 insertam
793 1001 908 1087 eique,
949 1021 1014 1087 quo
1059 1002 1140 1075 iure,

64 1129 147 1190 tune
166 1123 368 1210 utebantur,
389 1125 503 1189 utilem
525 1122 645 1209 inisse,
667 1123 787 1207 partim
802 1125 904 1188 antea
918 1121 1033 1210 docui,
1047 1140 1131 1208 par-

63 1246 122 1310 tim
143 1263 221 1310 mox
250 1245 453 1312 luculentius
475 1244 670 1329 apparebit:
691 1243 753 1309 sed
781 1245 815 1308 in
842 1262 930 1309 nouo
956 1243 1022 1310 hoe
1046 1245 1129 1330 iure,

63 1365 157 1453 quud
193 1385 213 1431 e
243 1366 398 1454 Digestis
430 1365 528 1432 modo
557 1369 796 1455 cognouimus,
824 1384 986 1452 quaenam
1019 1367 1129 1450 potuit

62 1506 212 1568 caussae
228 1487 336 1576 figura
357 1489 437 1554 taiis
460 1492 626 1574 existere,
647 1493 684 1553 ut
706 1507 791 1555 noee
812 1489 870 1554 iiia
888 1486 1041 1555 detractu
1064 1490 1129 1554 mi-

63 1629 129 1675 nus
149 1611 239 1676 aetio
261 1603 420 1677 ualeret?
472 1606 573 1681 certe
603 1614 632 1674 si
655 1613 688 1674 in
711 1610 897 1677 huminibus
918 1614 1051 1678 eductis
1072 1613 1127 1677 ni-

61 1730 111 1797 hii
130 1731 256 1818 refert,
283 1736 417 1799 armiati
438 1732 564 1797 inerint
584 1750 628 1796 un
650 1735 818 1821 inermes,
843 1751 956 1818 quoue
983 1751 1127 1799 rennuere

60 1854 207 1937 fuerint,
231 1856 270 1919 ut
300 1855 355 1919 nei
375 1873 463 1919 nnus
483 1853 582 1919 homo
603 1852 759 1919 suficere
780 1855 908 1941 pessit,
937 1854 1080 1939 denique
1103 1875 1127 1920 a

59 1994 128 2063 quo
149 1974 218 2040 sint
240 1977 367 2064 ceseii,
397 1974 571 2043 dummodo
604 1977 634 2040 is
664 1977 792 2062 quicum
826 1977 939 2064 agitur
967 1978 1026 2038 aut
1053 1977 1127 2060 ipse
1238 1992 1240 1996 ·

59 2095 141 2161 doio
162 2098 248 2162 mule
271 2097 391 2165 iecerit
412 2104 472 2163 aut
492 2098 585 2185 aliis,
613 2101 650 2162 ut
672 2098 846 2184 iacerent,
873 2099 992 2162 unctor
1014 2095 1126 2183 inerit,
1150 2132 1155 2142 .

57 2220 89 2285 si
112 2237 156 2283 ne
178 2237 264 2304 epus
292 2219 423 2305 quidem
455 2226 524 2306 est,
555 2219 742 2286 huminibus
771 2219 839 2284 ulio
869 2217 966 2283 modu
988 2220 1126 2305 conciis,

57 2338 122 2407 sed
144 2343 230 2405 satis
252 2344 322 2429 est,
351 2343 495 2427 aliquem
527 2342 640 2407 sutrim
673 2341 822 2427 quolibet
851 2340 948 2406 modo
981 2344 1040 2406 aut
1066 2318 1128 2404 rua*¹

57 2464 175 2548 puisse
196 2465 256 2526 sut
277 2459 432 2528 dumnum
452 2464 484 2526 ui
507 2456 703 2538 dedisse²⁰):
727 2460 997 2546 quemadmodum
1016 2464 1124 2547 putuit
1248 2473 1251 2477 ·

56 2581 232 2672 accidere,
253 2586 291 2648 ut
306 2584 352 2672 is,
374 2585 428 2668 qni
446 2582 633 2650 huminibus
650 2585 787 2648 mmatis
806 2582 957 2648 damnum
975 2582 1125 2650 dedisset

56 2706 192 2772 benene
222 2706 408 2790 rapuisset,
441 2709 571 2792 tumen,
602 2707 666 2771 nisi
702 2707 801 2771 etiam
834 2705 938 2771 uerbu
970 2724 1125 2769 nunnrrs

56 2846 244 2893 nonmaus
281 2830 315 2890 in
363 2828 534 2893 formulam
575 2826 795 2911 adderentur,
836 2826 947 2894 iudicii
984 2828 1124 2912 laqueos

55 2940 249 3036 effugeret?

120 3066 272 3152 Quodsi
293 3090 361 3136 non
383 3070 480 3135 mode
502 3070 657 3137 accidere
679 3070 740 3136 sed
762 3089 804 3135 ne
827 3070 970 3159 cogitari
992 3069 1123 3155 quidem

55 3191 159 3257 iaeiie
182 3192 308 3279 putuit,
330 3211 405 3256 num
428 3210 634 3281 magnopere
657 3194 861 3275 mirabimur,
890 3194 919 3256 si
950 3191 1122 3258 abundare

54 3309 139 3379 iilud
160 3314 357 3379 rinesbulum
381 3312 503 3401 uideri,
527 3318 594 3378 tum
617 3316 723 3379 emitti
746 3307 946 3400 coepitis.

118 3466 287 3556 Superest
316 3473 487 3537 notissima
521 3475 578 3539 iiia
611 3474 925 3539 iurisconsultorum
959 3475 1002 3538 de
1031 3492 1120 3561 qutu-
1137 3506 1291 3559 unumne,

56 3739 156 3802 psdr.
168 3738 323 3790 ruinosi.
341 3766 371 3776 —
385 3742 462 3792 Cani.
474 3751 562 3794 tarnem
653 3742 697 3803 ¹ii)
717 3744 808 3793 Simiie
831 3743 980 3804 exemptum
1002 3749 1123 3792 narretur

56 3832 136 3881 mum
157 3829 189 3879 L.
201 3831 245 3880 15.
283 3830 323 3881 iia
348 3831 562 3882 recusationibus
620 3837 646 3883 in
666 3834 737 3882 Μ.
757 3831 835 3893 Quod
854 3839 917 3882 met.
939 3828 1072 3881 cucoui.
1092 3831 1123 3879 iu

58 3928 113 3980 terp·
123 3929 152 3980 p.
166 3918 229 3968 554.
241 3926 297 3969 uui.
311 3918 367 3978 33..
379 3920 426 3970 ubi
438 3920 510 3971 nniia
523 3927 563 3971 est
623 3922 729 3970 Verrem
746 3921 795 3979 iii,
806 3918 851 3974 65.
862 3920 923 3970 152.
937 3942 967 3954 -
978 3918 1063 3970 Verbu
1077 3918 1122 3970 iiu-

59 4011 222 4056 murum
237 4011 348 4058 mentio.
619 4011 665 4061 bea
680 4024 739 4074 sup.
755 4025 781 4072 p.
795 4010 856 4060 ³11.
868 4016 924 4060 not.
935 4009 979 4059 31.
991 4044 998 4067 ,
1011 4009 1057 4060 ubi
1076 4009 1122 4059 rd-

88 4090 134 4159 20)
153 4094 194 4146 De
214 4097 254 4148 tria
270 4097 350 4148 rebus
362 4098 484 4148 omnibus
496 4098 558 4148 uide
618 4101 650 4151 de
674 4100 732 4151 Seu.
745 4100 778 4151 de
791 4098 883 4159 Bonas.
898 4099 934 4157 11,
946 4098 988 4149 iii.
1001 4112 1022 4149 r.
1035 4100 1061 4147 ii.

27 4190 30 4195 '
63 4191 114 4244 sup.
128 4197 154 4244 p.
167 4183 228 4234 518.
241 4199 297 4249 seq.
307 4186 428 4237 subnoit.
443 4187 555 4236 13-17.
