<?xml version="1.0" encoding="UTF-8"?>
<!DOCTYPE html PUBLIC "-//W3C//DTD XHTML 1.0 Transitional//EN"
    "http://www.w3.org/TR/xhtml1/DTD/xhtml1-transitional.dtd">
<html xmlns="http://www.w3.org/1999/xhtml" xml:lang="en" lang="en">
 <head>
  <title>
</title>
<meta http-equiv="Content-Type" content="text/html;charset=utf-8" />
  <meta name='ocr-system' content='tesseract 3.04.00' />
  <meta name='ocr-capabilities' content='ocr_page ocr_carea ocr_par ocr_line ocrx_word'/>
</head>
<body>
  <div class='ocr_page' id='page_1' title='image "./semestriumadmtu00kellgoog_0121.png"; bbox 0 0 3114 5046; ppageno 0'>
   <div class='ocr_carea' id='block_1_1' title="bbox 170 311 1241 414">
    <p class='ocr_par' dir='ltr' id='par_1_1' title="bbox 170 311 1241 414">
     <span class='ocr_line' id='line_1_1' title="bbox 170 311 1241 414; baseline -0.006 -21"><span class='ocrx_word' id='word_1_1' title='bbox 170 332 207 408; x_wconf 79' lang='lat' dir='ltr'><strong>s.</strong></span> <span class='ocrx_word' id='word_1_2' title='bbox 217 321 260 392; x_wconf 83' lang='lat'><strong>5.</strong></span> <span class='ocrx_word' id='word_1_3' title='bbox 279 315 343 392; x_wconf 83' lang='lat' dir='ltr'><strong>De</strong></span> <span class='ocrx_word' id='word_1_4' title='bbox 351 316 399 391; x_wconf 90' lang='lat' dir='ltr'><strong>P.</strong></span> <span class='ocrx_word' id='word_1_5' title='bbox 410 323 448 390; x_wconf 88' lang='lat' dir='ltr'><strong>et</strong></span> <span class='ocrx_word' id='word_1_6' title='bbox 465 314 507 389; x_wconf 87' lang='lat' dir='ltr'><strong>V.</strong></span> <span class='ocrx_word' id='word_1_7' title='bbox 519 315 601 389; x_wconf 81' lang='lat' dir='ltr'><strong>bon.</strong></span> <span class='ocrx_word' id='word_1_8' title='bbox 614 355 667 367; x_wconf 98' lang='lat'><strong>—</strong></span> <span class='ocrx_word' id='word_1_9' title='bbox 678 311 913 388; x_wconf 70' lang='lat' dir='ltr'><strong>Sabeeciuoe</strong></span> <span class='ocrx_word' id='word_1_10' title='bbox 925 315 1172 414; x_wconf 72' lang='lat' dir='ltr'><strong>quaestiones.</strong></span> <span class='ocrx_word' id='word_1_11' title='bbox 1200 311 1241 374; x_wconf 81' lang='grc'><strong>95</strong></span> 
     </span>
    </p>
   </div>
   <div class='ocr_carea' id='block_1_2' title="bbox 237 499 1410 1787">
    <p class='ocr_par' dir='ltr' id='par_1_2' title="bbox 237 499 1410 1787">
     <span class='ocr_line' id='line_1_2' title="bbox 240 499 1410 597; baseline -0.001 -29"><span class='ocrx_word' id='word_1_12' title='bbox 240 508 393 573; x_wconf 72' lang='lat' dir='ltr'><strong>«Postea</strong></span> <span class='ocrx_word' id='word_1_13' title='bbox 421 507 539 590; x_wconf 82' lang='lat' dir='ltr'><strong>paucis</strong></span> <span class='ocrx_word' id='word_1_14' title='bbox 567 506 693 589; x_wconf 88' lang='lat' dir='ltr'><strong>elapsis</strong></span> <span class='ocrx_word' id='word_1_15' title='bbox 721 503 840 569; x_wconf 87' lang='lat' dir='ltr'><strong>diebus</strong></span> <span class='ocrx_word' id='word_1_16' title='bbox 861 503 963 568; x_wconf 87' lang='lat' dir='ltr'><strong>tertia</strong></span> <span class='ocrx_word' id='word_1_17' title='bbox 985 521 1116 588; x_wconf 87' lang='lat' dir='ltr'><strong>quoque</strong></span> <span class='ocrx_word' id='word_1_18' title='bbox 1137 503 1241 569; x_wconf 84' lang='lat' dir='ltr'><strong>aditio</strong></span> <span class='ocrx_word' id='word_1_19' title='bbox 1261 499 1410 597; x_wconf 48' lang='lat' dir='ltr'><strong>„2¹:⁸22ss</strong></span> 
     </span>
     <span class='ocr_line' id='line_1_3' title="bbox 239 617 1340 713; baseline 0.001 -24"><span class='ocrx_word' id='word_1_20' title='bbox 239 630 383 710; x_wconf 71' lang='lat' dir='ltr'><strong>«debat,</strong></span> <span class='ocrx_word' id='word_1_21' title='bbox 411 630 446 692; x_wconf 93' lang='lat' dir='ltr'><strong>in</strong></span> <span class='ocrx_word' id='word_1_22' title='bbox 476 645 543 713; x_wconf 87' lang='lat' dir='ltr'><strong>qua</strong></span> <span class='ocrx_word' id='word_1_23' title='bbox 570 626 826 711; x_wconf 76' lang='lat' dir='ltr'><strong>permittebatur</strong></span> <span class='ocrx_word' id='word_1_24' title='bbox 852 625 919 689; x_wconf 88' lang='lat' dir='ltr'><strong>iilis</strong></span> <span class='ocrx_word' id='word_1_25' title='bbox 945 624 1055 711; x_wconf 73' lang='lat' dir='ltr'><strong>tepent</strong></span> <span class='ocrx_word' id='word_1_26' title='bbox 1076 624 1242 690; x_wconf 82' lang='lat' dir='ltr'><strong>honoram</strong></span> <span class='ocrx_word' id='word_1_27' title='bbox 1263 617 1340 655; x_wconf 70' lang='lat'><strong>‘⁰⁰¹²&#39;</strong></span> 
     </span>
     <span class='ocr_line' id='line_1_4' title="bbox 239 745 1243 832; baseline -0.006 -15"><span class='ocrx_word' id='word_1_28' title='bbox 239 750 530 817; x_wconf 53' lang='lat' dir='ltr'><strong>«maceratorum</strong></span> <span class='ocrx_word' id='word_1_29' title='bbox 558 748 689 814; x_wconf 85' lang='lat' dir='ltr'><strong>iacere:</strong></span> <span class='ocrx_word' id='word_1_30' title='bbox 721 765 862 832; x_wconf 88' lang='lat' dir='ltr'><strong>namque</strong></span> <span class='ocrx_word' id='word_1_31' title='bbox 888 763 989 831; x_wconf 92' lang='lat' dir='ltr'><strong>porro</strong></span> <span class='ocrx_word' id='word_1_32' title='bbox 1020 745 1130 812; x_wconf 89' lang='lat' dir='ltr'><strong>dictae</strong></span> <span class='ocrx_word' id='word_1_33' title='bbox 1159 764 1243 831; x_wconf 93' lang='lat' dir='ltr'><strong>pro-</strong></span> 
     </span>
     <span class='ocr_line' id='line_1_5' title="bbox 238 856 1243 960; baseline 0.003 -29"><span class='ocrx_word' id='word_1_34' title='bbox 238 872 440 956; x_wconf 81' lang='lat' dir='ltr'><strong>.scriptioni</strong></span> <span class='ocrx_word' id='word_1_35' title='bbox 482 868 568 935; x_wconf 92' lang='lat' dir='ltr'><strong>haec</strong></span> <span class='ocrx_word' id='word_1_36' title='bbox 609 867 803 934; x_wconf 76' lang='lat' dir='ltr'><strong>addebant:</strong></span> <span class='ocrx_word' id='word_1_37' title='bbox 851 866 981 960; x_wconf 76' lang='lat' dir='ltr'><strong>Emtor</strong></span> <span class='ocrx_word' id='word_1_38' title='bbox 1014 856 1243 934; x_wconf 71' lang='lat' dir='ltr'><strong>creditoribus</strong></span> 
     </span>
     <span class='ocr_line' id='line_1_6' title="bbox 238 979 1243 1081; baseline 0.003 -29"><span class='ocrx_word' id='word_1_39' title='bbox 238 986 433 1076; x_wconf 74' lang='lat' dir='ltr'><strong>.[exempii</strong></span> <span class='ocrx_word' id='word_1_40' title='bbox 455 979 592 1081; x_wconf 81' lang='lat' dir='ltr'><strong>gratia)</strong></span> <span class='ocrx_word' id='word_1_41' title='bbox 614 994 651 1056; x_wconf 81' lang='lat' dir='ltr'><strong>irc</strong></span> <span class='ocrx_word' id='word_1_42' title='bbox 675 990 858 1056; x_wconf 81' lang='lat' dir='ltr'><strong>dimidiam</strong></span> <span class='ocrx_word' id='word_1_43' title='bbox 884 990 1078 1055; x_wconf 78' lang='lat' dir='ltr'><strong>debitomm</strong></span> <span class='ocrx_word' id='word_1_44' title='bbox 1103 993 1243 1075; x_wconf 83' lang='lat' dir='ltr'><strong>partem</strong></span> 
     </span>
     <span class='ocr_line' id='line_1_7' title="bbox 238 1110 1243 1201; baseline 0.004 -27"><span class='ocrx_word' id='word_1_45' title='bbox 238 1114 477 1201; x_wconf 74' lang='lat' dir='ltr'><strong>«respondere</strong></span> <span class='ocrx_word' id='word_1_46' title='bbox 497 1112 616 1198; x_wconf 68' lang='lat' dir='ltr'><strong>debet,</strong></span> <span class='ocrx_word' id='word_1_47' title='bbox 639 1116 680 1177; x_wconf 82' lang='lat' dir='ltr'><strong>ut</strong></span> <span class='ocrx_word' id='word_1_48' title='bbox 699 1115 756 1176; x_wconf 84' lang='lat' dir='ltr'><strong>cut</strong></span> <span class='ocrx_word' id='word_1_49' title='bbox 777 1110 971 1176; x_wconf 79' lang='lat' dir='ltr'><strong>debeantur</strong></span> <span class='ocrx_word' id='word_1_50' title='bbox 999 1115 1155 1199; x_wconf 81' lang='lat' dir='ltr'><strong>centum,</strong></span> <span class='ocrx_word' id='word_1_51' title='bbox 1178 1131 1243 1178; x_wconf 89' lang='lat' dir='ltr'><strong>ac-</strong></span> 
     </span>
     <span class='ocr_line' id='line_1_8' title="bbox 238 1232 1244 1324; baseline 0.003 -29"><span class='ocrx_word' id='word_1_52' title='bbox 238 1240 378 1323; x_wconf 81' lang='lat' dir='ltr'><strong>.cipiut</strong></span> <span class='ocrx_word' id='word_1_53' title='bbox 391 1235 521 1302; x_wconf 75' lang='lat' dir='ltr'><strong>solidos</strong></span> <span class='ocrx_word' id='word_1_54' title='bbox 544 1236 813 1324; x_wconf 55' lang='lat' dir='ltr'><strong>quinquaqinta,</strong></span> <span class='ocrx_word' id='word_1_55' title='bbox 829 1236 865 1297; x_wconf 91' lang='lat' dir='ltr'><strong>et</strong></span> <span class='ocrx_word' id='word_1_56' title='bbox 884 1236 941 1299; x_wconf 82' lang='lat' dir='ltr'><strong>cut</strong></span> <span class='ocrx_word' id='word_1_57' title='bbox 960 1232 1154 1311; x_wconf 77' lang='lat' dir='ltr'><strong>debeantur</strong></span> <span class='ocrx_word' id='word_1_58' title='bbox 1174 1233 1244 1298; x_wconf 84' lang='lat' dir='ltr'><strong>du-</strong></span> 
     </span>
     <span class='ocr_line' id='line_1_9' title="bbox 237 1353 1244 1445; baseline 0.001 -28"><span class='ocrx_word' id='word_1_59' title='bbox 237 1361 378 1445; x_wconf 62' lang='lat' dir='ltr'><strong>menti,</strong></span> <span class='ocrx_word' id='word_1_60' title='bbox 400 1360 557 1441; x_wconf 78' lang='lat' dir='ltr'><strong>occipiat</strong></span> <span class='ocrx_word' id='word_1_61' title='bbox 576 1359 726 1421; x_wconf 75' lang='lat' dir='ltr'><strong>cerotum.</strong></span> <span class='ocrx_word' id='word_1_62' title='bbox 772 1354 816 1419; x_wconf 76' lang='lat' dir='ltr'><strong>at</strong></span> <span class='ocrx_word' id='word_1_63' title='bbox 839 1359 1015 1440; x_wconf 85' lang='lat' dir='ltr'><strong>postquam</strong></span> <span class='ocrx_word' id='word_1_64' title='bbox 1035 1353 1091 1420; x_wconf 93' lang='lat' dir='ltr'><strong>hic</strong></span> <span class='ocrx_word' id='word_1_65' title='bbox 1117 1359 1244 1421; x_wconf 90' lang='lat' dir='ltr'><strong>certum</strong></span> 
     </span>
     <span class='ocr_line' id='line_1_10' title="bbox 238 1474 1243 1563; baseline -0.004 -20"><span class='ocrx_word' id='word_1_66' title='bbox 238 1484 398 1563; x_wconf 86' lang='lat' dir='ltr'><strong>·tempus</strong></span> <span class='ocrx_word' id='word_1_67' title='bbox 421 1478 659 1563; x_wconf 80' lang='lat' dir='ltr'><strong>praeterierat,</strong></span> <span class='ocrx_word' id='word_1_68' title='bbox 682 1479 763 1541; x_wconf 88' lang='lat' dir='ltr'><strong>tnnc</strong></span> <span class='ocrx_word' id='word_1_69' title='bbox 785 1478 1017 1559; x_wconf 73' lang='lat' dir='ltr'><strong>patrimonium</strong></span> <span class='ocrx_word' id='word_1_70' title='bbox 1039 1479 1156 1540; x_wconf 87' lang='lat' dir='ltr'><strong>emtori</strong></span> <span class='ocrx_word' id='word_1_71' title='bbox 1178 1474 1243 1540; x_wconf 91' lang='lat' dir='ltr'><strong>ad-</strong></span> 
     </span>
     <span class='ocr_line' id='line_1_11' title="bbox 238 1572 1359 1685; baseline 0.003 -26"><span class='ocrx_word' id='word_1_72' title='bbox 238 1599 462 1685; x_wconf 82' lang='lat' dir='ltr'><strong>.dicebatar,</strong></span> <span class='ocrx_word' id='word_1_73' title='bbox 498 1602 669 1684; x_wconf 90' lang='lat' dir='ltr'><strong>emtorque</strong></span> <span class='ocrx_word' id='word_1_74' title='bbox 701 1598 888 1663; x_wconf 89' lang='lat' dir='ltr'><strong>uocabatur</strong></span> <span class='ocrx_word' id='word_1_75' title='bbox 918 1599 1078 1663; x_wconf 91' lang='lat' dir='ltr'><strong>bonorum</strong></span> <span class='ocrx_word' id='word_1_76' title='bbox 1111 1602 1240 1663; x_wconf 86' lang='lat' dir='ltr'><strong>emtor·</strong></span> <span class='ocrx_word' id='word_1_77' title='bbox 1354 1572 1359 1579; x_wconf 32' lang='lat'><strong>⁴</strong></span> 
     </span>
     <span class='ocr_line' id='line_1_12' title="bbox 237 1722 358 1787; baseline -0.025 0"><span class='ocrx_word' id='word_1_78' title='bbox 237 1725 274 1787; x_wconf 91' lang='lat' dir='ltr'><strong>et</strong></span> <span class='ocrx_word' id='word_1_79' title='bbox 295 1722 358 1786; x_wconf 91' lang='lat' dir='ltr'><strong>rei.</strong></span> 
     </span>
    </p>
   </div>
   <div class='ocr_carea' id='block_1_3' title="bbox 177 1853 1244 2089">
    <p class='ocr_par' dir='ltr' id='par_1_3' title="bbox 177 1853 1244 2089">
     <span class='ocr_line' id='line_1_13' title="bbox 236 1853 1244 1965; baseline -0.001 -20"><span class='ocrx_word' id='word_1_80' title='bbox 236 1881 311 1945; x_wconf 90' lang='lat' dir='ltr'><strong>Iam</strong></span> <span class='ocrx_word' id='word_1_81' title='bbox 334 1881 468 1965; x_wconf 88' lang='lat' dir='ltr'><strong>nescio,</strong></span> <span class='ocrx_word' id='word_1_82' title='bbox 490 1898 534 1944; x_wconf 91' lang='lat' dir='ltr'><strong>an</strong></span> <span class='ocrx_word' id='word_1_83' title='bbox 551 1853 632 1944; x_wconf 92' lang='lat' dir='ltr'><strong>mihi</strong></span> <span class='ocrx_word' id='word_1_84' title='bbox 643 1876 862 1963; x_wconf 80' lang='lat' dir='ltr'><strong>praefandum</strong></span> <span class='ocrx_word' id='word_1_85' title='bbox 878 1878 922 1942; x_wconf 89' lang='lat' dir='ltr'><strong>sit</strong></span> <span class='ocrx_word' id='word_1_86' title='bbox 936 1874 1111 1944; x_wconf 71' lang='lat' dir='ltr'><strong>hiemant</strong></span> <span class='ocrx_word' id='word_1_87' title='bbox 1126 1897 1244 1944; x_wconf 78' lang='lat' dir='ltr'><strong>omccec</strong></span> 
     </span>
     <span class='ocr_line' id='line_1_14' title="bbox 177 1984 1136 2089; baseline -0.004 -23"><span class='ocrx_word' id='word_1_88' title='bbox 177 2001 256 2066; x_wconf 84' lang='lat' dir='ltr'><strong>iicet</strong></span> <span class='ocrx_word' id='word_1_89' title='bbox 279 2005 315 2066; x_wconf 87' lang='lat' dir='ltr'><strong>et</strong></span> <span class='ocrx_word' id='word_1_90' title='bbox 338 2002 415 2089; x_wconf 80' lang='lat' dir='ltr'><strong>reb,</strong></span> <span class='ocrx_word' id='word_1_91' title='bbox 437 2019 512 2064; x_wconf 90' lang='lat' dir='ltr'><strong>nam</strong></span> <span class='ocrx_word' id='word_1_92' title='bbox 535 2002 582 2065; x_wconf 91' lang='lat' dir='ltr'><strong>ita</strong></span> <span class='ocrx_word' id='word_1_93' title='bbox 604 1999 734 2086; x_wconf 88' lang='lat' dir='ltr'><strong>quidem</strong></span> <span class='ocrx_word' id='word_1_94' title='bbox 757 2001 883 2064; x_wconf 91' lang='lat' dir='ltr'><strong>sentio:</strong></span> <span class='ocrx_word' id='word_1_95' title='bbox 1131 1984 1136 1988; x_wconf 32' lang='lat'>⁵</span> 
     </span>
    </p>
   </div>
   <div class='ocr_carea' id='block_1_4' title="bbox 179 2157 1246 2833">
    <p class='ocr_par' dir='ltr' id='par_1_4' title="bbox 179 2157 1246 2833">
     <span class='ocr_line' id='line_1_15' title="bbox 236 2157 1243 2246; baseline -0.001 -22"><span class='ocrx_word' id='word_1_96' title='bbox 236 2158 339 2242; x_wconf 76' lang='lat' dir='ltr'><strong>Quae</strong></span> <span class='ocrx_word' id='word_1_97' title='bbox 370 2159 529 2225; x_wconf 89' lang='lat' dir='ltr'><strong>bonoram</strong></span> <span class='ocrx_word' id='word_1_98' title='bbox 561 2157 812 2224; x_wconf 90' lang='lat' dir='ltr'><strong>uendendorum</strong></span> <span class='ocrx_word' id='word_1_99' title='bbox 843 2160 900 2224; x_wconf 88' lang='lat' dir='ltr'><strong>lex</strong></span> <span class='ocrx_word' id='word_1_100' title='bbox 934 2161 1093 2246; x_wconf 81' lang='lat' dir='ltr'><strong>magistro</strong></span> <span class='ocrx_word' id='word_1_101' title='bbox 1127 2163 1243 2225; x_wconf 91' lang='lat' dir='ltr'><strong>creato</strong></span> 
     </span>
     <span class='ocr_line' id='line_1_16' title="bbox 179 2279 1244 2368; baseline -0.007 -19"><span class='ocrx_word' id='word_1_102' title='bbox 179 2283 309 2368; x_wconf 78' lang='lat' dir='ltr'><strong>concipi</strong></span> <span class='ocrx_word' id='word_1_103' title='bbox 330 2284 432 2366; x_wconf 80' lang='lat' dir='ltr'><strong>atque</strong></span> <span class='ocrx_word' id='word_1_104' title='bbox 455 2281 564 2365; x_wconf 90' lang='lat' dir='ltr'><strong>palam</strong></span> <span class='ocrx_word' id='word_1_105' title='bbox 586 2281 729 2365; x_wconf 91' lang='lat' dir='ltr'><strong>proponi</strong></span> <span class='ocrx_word' id='word_1_106' title='bbox 753 2281 902 2366; x_wconf 86' lang='lat' dir='ltr'><strong>solebat,</strong></span> <span class='ocrx_word' id='word_1_107' title='bbox 924 2298 965 2345; x_wconf 90' lang='lat' dir='ltr'><strong>ea</strong></span> <span class='ocrx_word' id='word_1_108' title='bbox 986 2279 1029 2344; x_wconf 95' lang='lat' dir='ltr'><strong>ad</strong></span> <span class='ocrx_word' id='word_1_109' title='bbox 1052 2281 1244 2366; x_wconf 86' lang='lat' dir='ltr'><strong>suprascri-</strong></span> 
     </span>
     <span class='ocr_line' id='line_1_17' title="bbox 180 2400 1245 2489; baseline -0.004 -19"><span class='ocrx_word' id='word_1_110' title='bbox 180 2410 253 2489; x_wconf 92' lang='lat' dir='ltr'><strong>ptae</strong></span> <span class='ocrx_word' id='word_1_111' title='bbox 283 2403 449 2468; x_wconf 84' lang='lat' dir='ltr'><strong>formulae</strong></span> <span class='ocrx_word' id='word_1_112' title='bbox 477 2401 607 2467; x_wconf 91' lang='lat' dir='ltr'><strong>modum</strong></span> <span class='ocrx_word' id='word_1_113' title='bbox 634 2420 678 2467; x_wconf 91' lang='lat' dir='ltr'><strong>ne</strong></span> <span class='ocrx_word' id='word_1_114' title='bbox 705 2402 842 2467; x_wconf 89' lang='lat' dir='ltr'><strong>uerbum</strong></span> <span class='ocrx_word' id='word_1_115' title='bbox 873 2400 1002 2486; x_wconf 87' lang='lat' dir='ltr'><strong>quidem</strong></span> <span class='ocrx_word' id='word_1_116' title='bbox 1031 2402 1245 2489; x_wconf 91' lang='lat' dir='ltr'><strong>continebat,</strong></span> 
     </span>
     <span class='ocr_line' id='line_1_18' title="bbox 182 2522 1245 2610; baseline -0.003 -20"><span class='ocrx_word' id='word_1_117' title='bbox 182 2531 328 2600; x_wconf 87' lang='lat' dir='ltr'><strong>caetera,</strong></span> <span class='ocrx_word' id='word_1_118' title='bbox 360 2543 498 2610; x_wconf 87' lang='lat' dir='ltr'><strong>quorum</strong></span> <span class='ocrx_word' id='word_1_119' title='bbox 526 2526 561 2588; x_wconf 88' lang='lat' dir='ltr'><strong>in</strong></span> <span class='ocrx_word' id='word_1_120' title='bbox 585 2524 643 2589; x_wconf 89' lang='lat' dir='ltr'><strong>iiia</strong></span> <span class='ocrx_word' id='word_1_121' title='bbox 665 2522 841 2608; x_wconf 80' lang='lat' dir='ltr'><strong>Theophili</strong></span> <span class='ocrx_word' id='word_1_122' title='bbox 863 2523 1008 2588; x_wconf 81' lang='lat' dir='ltr'><strong>formula</strong></span> <span class='ocrx_word' id='word_1_123' title='bbox 1028 2522 1110 2588; x_wconf 90' lang='lat' dir='ltr'><strong>nihii</strong></span> <span class='ocrx_word' id='word_1_124' title='bbox 1133 2527 1245 2608; x_wconf 85' lang='lat' dir='ltr'><strong>extat,</strong></span> 
     </span>
     <span class='ocr_line' id='line_1_19' title="bbox 184 2644 1246 2734; baseline -0.001 -26"><span class='ocrx_word' id='word_1_125' title='bbox 184 2644 352 2711; x_wconf 88' lang='lat' dir='ltr'><strong>dummodo</strong></span> <span class='ocrx_word' id='word_1_126' title='bbox 377 2644 638 2730; x_wconf 87' lang='lat' dir='ltr'><strong>uenditionem,</strong></span> <span class='ocrx_word' id='word_1_127' title='bbox 675 2664 740 2731; x_wconf 87' lang='lat' dir='ltr'><strong>qua</strong></span> <span class='ocrx_word' id='word_1_128' title='bbox 776 2645 819 2710; x_wconf 91' lang='lat' dir='ltr'><strong>dc</strong></span> <span class='ocrx_word' id='word_1_129' title='bbox 854 2647 993 2734; x_wconf 81' lang='lat' dir='ltr'><strong>agitur,</strong></span> <span class='ocrx_word' id='word_1_130' title='bbox 1032 2648 1246 2729; x_wconf 79' lang='lat' dir='ltr'><strong>spectarent,</strong></span> 
     </span>
     <span class='ocr_line' id='line_1_20' title="bbox 187 2767 517 2833; baseline 0.003 -3"><span class='ocrx_word' id='word_1_131' title='bbox 187 2770 286 2833; x_wconf 81' lang='lat' dir='ltr'><strong>omrria</strong></span> <span class='ocrx_word' id='word_1_132' title='bbox 308 2767 517 2833; x_wconf 88' lang='lat' dir='ltr'><strong>continebat.</strong></span> 
     </span>
    </p>
   </div>
   <div class='ocr_carea' id='block_1_5' title="bbox 181 2933 1320 4239">
    <p class='ocr_par' dir='ltr' id='par_1_5' title="bbox 237 2933 695 3002">
     <span class='ocr_line' id='line_1_21' title="bbox 237 2933 695 3002; baseline -0.004 0"><span class='ocrx_word' id='word_1_133' title='bbox 237 2934 404 3002; x_wconf 83' lang='lat' dir='ltr'><strong>Defensio</strong></span> <span class='ocrx_word' id='word_1_134' title='bbox 427 2952 499 3000; x_wconf 88' lang='lat' dir='ltr'><strong>mea</strong></span> <span class='ocrx_word' id='word_1_135' title='bbox 521 2933 605 3001; x_wconf 90' lang='lat' dir='ltr'><strong>haec</strong></span> <span class='ocrx_word' id='word_1_136' title='bbox 627 2939 695 3000; x_wconf 89' lang='lat' dir='ltr'><strong>est:</strong></span> 
     </span>
    </p>

    <p class='ocr_par' dir='ltr' id='par_1_6' title="bbox 181 3055 1320 4239">
     <span class='ocr_line' id='line_1_22' title="bbox 239 3055 1246 3141; baseline 0.001 -20"><span class='ocrx_word' id='word_1_137' title='bbox 239 3058 337 3121; x_wconf 87' lang='lat' dir='ltr'><strong>Inter</strong></span> <span class='ocrx_word' id='word_1_138' title='bbox 360 3075 489 3140; x_wconf 85' lang='lat' dir='ltr'><strong>omnes,</strong></span> <span class='ocrx_word' id='word_1_139' title='bbox 511 3058 567 3141; x_wconf 90' lang='lat' dir='ltr'><strong>qui</strong></span> <span class='ocrx_word' id='word_1_140' title='bbox 589 3055 632 3122; x_wconf 92' lang='lat' dir='ltr'><strong>de</strong></span> <span class='ocrx_word' id='word_1_141' title='bbox 654 3057 711 3121; x_wconf 90' lang='lat' dir='ltr'><strong>iilo</strong></span> <span class='ocrx_word' id='word_1_142' title='bbox 734 3059 895 3123; x_wconf 93' lang='lat' dir='ltr'><strong>bonorum</strong></span> <span class='ocrx_word' id='word_1_143' title='bbox 917 3056 1166 3123; x_wconf 91' lang='lat' dir='ltr'><strong>uendendorum</strong></span> <span class='ocrx_word' id='word_1_144' title='bbox 1186 3075 1246 3122; x_wconf 89' lang='lat' dir='ltr'><strong>or-</strong></span> 
     </span>
     <span class='ocr_line' id='line_1_23' title="bbox 191 3173 1320 3263; baseline 0.007 -27"><span class='ocrx_word' id='word_1_145' title='bbox 191 3173 255 3242; x_wconf 91' lang='lat' dir='ltr'><strong>dine</strong></span> <span class='ocrx_word' id='word_1_146' title='bbox 275 3179 503 3262; x_wconf 81' lang='lat' dir='ltr'><strong>soripserunt,</strong></span> <span class='ocrx_word' id='word_1_147' title='bbox 530 3178 634 3243; x_wconf 84' lang='lat' dir='ltr'><strong>ueluti</strong></span> <span class='ocrx_word' id='word_1_148' title='bbox 657 3181 760 3245; x_wconf 90' lang='lat' dir='ltr'><strong>tacito</strong></span> <span class='ocrx_word' id='word_1_149' title='bbox 782 3198 950 3246; x_wconf 86' lang='lat' dir='ltr'><strong>consensu</strong></span> <span class='ocrx_word' id='word_1_150' title='bbox 971 3178 1070 3244; x_wconf 93' lang='lat' dir='ltr'><strong>hodie</strong></span> <span class='ocrx_word' id='word_1_151' title='bbox 1092 3182 1246 3263; x_wconf 89' lang='lat' dir='ltr'><strong>constat,</strong></span> <span class='ocrx_word' id='word_1_152' title='bbox 1319 3210 1320 3214; x_wconf 38' lang='lat'>¹</span> 
     </span>
     <span class='ocr_line' id='line_1_24' title="bbox 191 3298 1246 3386; baseline 0.004 -27"><span class='ocrx_word' id='word_1_153' title='bbox 191 3300 250 3361; x_wconf 87' lang='lat' dir='ltr'><strong>toto</strong></span> <span class='ocrx_word' id='word_1_154' title='bbox 283 3314 324 3364; x_wconf 89' lang='lat' dir='ltr'><strong>eo</strong></span> <span class='ocrx_word' id='word_1_155' title='bbox 358 3298 577 3385; x_wconf 83' lang='lat' dir='ltr'><strong>paraphrasis</strong></span> <span class='ocrx_word' id='word_1_156' title='bbox 610 3301 721 3386; x_wconf 88' lang='lat' dir='ltr'><strong>capite</strong></span> <span class='ocrx_word' id='word_1_157' title='bbox 751 3302 892 3385; x_wconf 89' lang='lat' dir='ltr'><strong>plurima</strong></span> <span class='ocrx_word' id='word_1_158' title='bbox 921 3300 1051 3386; x_wconf 88' lang='lat' dir='ltr'><strong>quidem</strong></span> <span class='ocrx_word' id='word_1_159' title='bbox 1081 3302 1246 3367; x_wconf 90' lang='lat' dir='ltr'><strong>contineri</strong></span> 
     </span>
     <span class='ocr_line' id='line_1_25' title="bbox 189 3422 1247 3507; baseline 0.009 -28"><span class='ocrx_word' id='word_1_160' title='bbox 189 3424 293 3485; x_wconf 86' lang='lat' dir='ltr'><strong>rectae</strong></span> <span class='ocrx_word' id='word_1_161' title='bbox 315 3422 456 3486; x_wconf 88' lang='lat' dir='ltr'><strong>notitiae</strong></span> <span class='ocrx_word' id='word_1_162' title='bbox 479 3422 573 3507; x_wconf 84' lang='lat' dir='ltr'><strong>quasi</strong></span> <span class='ocrx_word' id='word_1_163' title='bbox 595 3423 738 3504; x_wconf 86' lang='lat' dir='ltr'><strong>semina,</strong></span> <span class='ocrx_word' id='word_1_164' title='bbox 759 3441 925 3507; x_wconf 89' lang='lat' dir='ltr'><strong>unumque</strong></span> <span class='ocrx_word' id='word_1_165' title='bbox 939 3424 1028 3487; x_wconf 88' lang='lat' dir='ltr'><strong>iilum</strong></span> <span class='ocrx_word' id='word_1_166' title='bbox 1043 3426 1145 3506; x_wconf 87' lang='lat' dir='ltr'><strong>atque</strong></span> <span class='ocrx_word' id='word_1_167' title='bbox 1159 3423 1247 3488; x_wconf 91' lang='lat' dir='ltr'><strong>ube-</strong></span> 
     </span>
     <span class='ocr_line' id='line_1_26' title="bbox 186 3540 1246 3628; baseline 0.004 -24"><span class='ocrx_word' id='word_1_168' title='bbox 186 3557 247 3604; x_wconf 90' lang='lat' dir='ltr'><strong>rem</strong></span> <span class='ocrx_word' id='word_1_169' title='bbox 269 3540 399 3605; x_wconf 85' lang='lat' dir='ltr'><strong>iontem</strong></span> <span class='ocrx_word' id='word_1_170' title='bbox 421 3559 513 3623; x_wconf 82' lang='lat' dir='ltr'><strong>esee,</strong></span> <span class='ocrx_word' id='word_1_171' title='bbox 535 3542 624 3607; x_wconf 91' lang='lat' dir='ltr'><strong>unde</strong></span> <span class='ocrx_word' id='word_1_172' title='bbox 646 3542 770 3624; x_wconf 88' lang='lat' dir='ltr'><strong>adea,</strong></span> <span class='ocrx_word' id='word_1_173' title='bbox 793 3561 879 3628; x_wconf 86' lang='lat' dir='ltr'><strong>quae</strong></span> <span class='ocrx_word' id='word_1_174' title='bbox 901 3545 1057 3610; x_wconf 90' lang='lat' dir='ltr'><strong>tenuibus</strong></span> <span class='ocrx_word' id='word_1_175' title='bbox 1071 3543 1246 3608; x_wconf 92' lang='lat' dir='ltr'><strong>admodum</strong></span> 
     </span>
     <span class='ocr_line' id='line_1_27' title="bbox 184 3661 1246 3751; baseline 0.004 -28"><span class='ocrx_word' id='word_1_176' title='bbox 184 3662 296 3726; x_wconf 91' lang='lat' dir='ltr'><strong>riuuiis</strong></span> <span class='ocrx_word' id='word_1_177' title='bbox 317 3661 452 3728; x_wconf 90' lang='lat' dir='ltr'><strong>aliunde</strong></span> <span class='ocrx_word' id='word_1_178' title='bbox 473 3664 571 3730; x_wconf 87' lang='lat' dir='ltr'><strong>nobis</strong></span> <span class='ocrx_word' id='word_1_179' title='bbox 591 3664 750 3739; x_wconf 80' lang='lat' dir='ltr'><strong>affluant,</strong></span> <span class='ocrx_word' id='word_1_180' title='bbox 772 3667 908 3730; x_wconf 87' lang='lat' dir='ltr'><strong>caetera</strong></span> <span class='ocrx_word' id='word_1_181' title='bbox 929 3666 1062 3750; x_wconf 85' lang='lat' dir='ltr'><strong>possint</strong></span> <span class='ocrx_word' id='word_1_182' title='bbox 1087 3667 1246 3751; x_wconf 86' lang='lat' dir='ltr'><strong>suppleri.</strong></span> 
     </span>
     <span class='ocr_line' id='line_1_28' title="bbox 184 3777 1247 3852; baseline 0.005 -6"><span class='ocrx_word' id='word_1_183' title='bbox 184 3777 285 3847; x_wconf 87' lang='lat' dir='ltr'><strong>Simul</strong></span> <span class='ocrx_word' id='word_1_184' title='bbox 314 3788 425 3848; x_wconf 90' lang='lat' dir='ltr'><strong>tamen</strong></span> <span class='ocrx_word' id='word_1_185' title='bbox 452 3785 550 3850; x_wconf 94' lang='lat' dir='ltr'><strong>uideo</strong></span> <span class='ocrx_word' id='word_1_186' title='bbox 581 3785 645 3851; x_wconf 94' lang='lat' dir='ltr'><strong>hoc</strong></span> <span class='ocrx_word' id='word_1_187' title='bbox 673 3786 895 3851; x_wconf 85' lang='lat' dir='ltr'><strong>testimonium</strong></span> <span class='ocrx_word' id='word_1_188' title='bbox 921 3789 1095 3852; x_wconf 88' lang='lat' dir='ltr'><strong>uerissima</strong></span> <span class='ocrx_word' id='word_1_189' title='bbox 1114 3789 1247 3852; x_wconf 92' lang='lat' dir='ltr'><strong>ratione</strong></span> 
     </span>
     <span class='ocr_line' id='line_1_29' title="bbox 182 3904 1246 3997; baseline 0.006 -30"><span class='ocrx_word' id='word_1_190' title='bbox 182 3922 292 3969; x_wconf 91' lang='lat' dir='ltr'><strong>eorum</strong></span> <span class='ocrx_word' id='word_1_191' title='bbox 322 3924 460 3970; x_wconf 89' lang='lat' dir='ltr'><strong>numero</strong></span> <span class='ocrx_word' id='word_1_192' title='bbox 487 3904 623 3992; x_wconf 87' lang='lat' dir='ltr'><strong>haberi,</strong></span> <span class='ocrx_word' id='word_1_193' title='bbox 657 3926 742 3992; x_wconf 87' lang='lat' dir='ltr'><strong>quae</strong></span> <span class='ocrx_word' id='word_1_194' title='bbox 772 3908 930 3992; x_wconf 90' lang='lat' dir='ltr'><strong>impiicita</strong></span> <span class='ocrx_word' id='word_1_195' title='bbox 959 3907 1022 3972; x_wconf 85' lang='lat' dir='ltr'><strong>tide</strong></span> <span class='ocrx_word' id='word_1_196' title='bbox 1045 3908 1183 3997; x_wconf 82' lang='lat' dir='ltr'><strong>indigna</strong></span> <span class='ocrx_word' id='word_1_197' title='bbox 1205 3926 1246 3973; x_wconf 88' lang='lat' dir='ltr'><strong>ae</strong></span> 
     </span>
     <span class='ocr_line' id='line_1_30' title="bbox 181 4026 1245 4115; baseline 0.001 -24"><span class='ocrx_word' id='word_1_198' title='bbox 181 4027 298 4091; x_wconf 87' lang='lat' dir='ltr'><strong>critica</strong></span> <span class='ocrx_word' id='word_1_199' title='bbox 319 4026 459 4111; x_wconf 87' lang='lat' dir='ltr'><strong>quadam</strong></span> <span class='ocrx_word' id='word_1_200' title='bbox 482 4032 556 4094; x_wconf 91' lang='lat' dir='ltr'><strong>arte</strong></span> <span class='ocrx_word' id='word_1_201' title='bbox 585 4027 783 4112; x_wconf 85' lang='lat' dir='ltr'><strong>tractanda,</strong></span> <span class='ocrx_word' id='word_1_202' title='bbox 819 4031 907 4095; x_wconf 89' lang='lat' dir='ltr'><strong>iiiioo</strong></span> <span class='ocrx_word' id='word_1_203' title='bbox 935 4031 1006 4094; x_wconf 87' lang='lat' dir='ltr'><strong>siue</strong></span> <span class='ocrx_word' id='word_1_204' title='bbox 1035 4031 1127 4095; x_wconf 92' lang='lat' dir='ltr'><strong>reiici</strong></span> <span class='ocrx_word' id='word_1_205' title='bbox 1154 4032 1245 4115; x_wconf 87' lang='lat' dir='ltr'><strong>siue,</strong></span> 
     </span>
     <span class='ocr_line' id='line_1_31' title="bbox 181 4147 1245 4239; baseline 0.002 -28"><span class='ocrx_word' id='word_1_206' title='bbox 181 4147 290 4233; x_wconf 85' lang='lat' dir='ltr'><strong>quoad</strong></span> <span class='ocrx_word' id='word_1_207' title='bbox 314 4150 385 4213; x_wconf 89' lang='lat' dir='ltr'><strong>eius</strong></span> <span class='ocrx_word' id='word_1_208' title='bbox 407 4149 476 4213; x_wconf 84' lang='lat' dir='ltr'><strong>fieri</strong></span> <span class='ocrx_word' id='word_1_209' title='bbox 499 4153 625 4234; x_wconf 80' lang='lat' dir='ltr'><strong>possit,</strong></span> <span class='ocrx_word' id='word_1_210' title='bbox 654 4151 780 4239; x_wconf 83' lang='lat' dir='ltr'><strong>corrigi</strong></span> <span class='ocrx_word' id='word_1_211' title='bbox 809 4154 910 4236; x_wconf 87' lang='lat' dir='ltr'><strong>atque</strong></span> <span class='ocrx_word' id='word_1_212' title='bbox 938 4153 972 4214; x_wconf 91' lang='lat' dir='ltr'><strong>in</strong></span> <span class='ocrx_word' id='word_1_213' title='bbox 1000 4152 1116 4216; x_wconf 88' lang='lat' dir='ltr'><strong>meiius</strong></span> <span class='ocrx_word' id='word_1_214' title='bbox 1137 4149 1245 4216; x_wconf 85' lang='lat' dir='ltr'><strong>reior-</strong></span> 
     </span>
    </p>
   </div>
   <div class='ocr_carea' id='block_1_6' title="bbox 0 0 1575 5046">
    <p class='ocr_par' dir='ltr' id='par_1_7' title="bbox 0 0 1575 5046">
     <span class='ocr_line' id='line_1_32' title="bbox 0 0 1575 5046; baseline 0 0"><span class='ocrx_word' id='word_1_215' title='bbox 0 0 1575 5046; x_wconf 95' lang='lat' dir='ltr'><strong> </strong></span> 
     </span>
    </p>
   </div>
  </div>
 </body>
</html>
