3114 5046
551 817 588 904 ς.
609 817 645 886 o.

106 976 185 1062 Quo
206 984 405 1046 rationein
428 980 596 1047 moinum
617 986 773 1069 emunt,
795 985 883 1047 cau
905 979 1086 1049 Ποπιαηιιε

392 1096 550 1167 Ooectam
572 1106 665 1169 esset
686 1120 803 1168 secuta

126 1258 264 1327 Paucae
283 1263 363 1325 sunt
385 1260 548 1324 orationis
567 1279 631 1347 pro
656 1254 812 1327 Ouadata
834 1261 968 1343 habitae
996 1264 1129 1349 partes,
1148 1273 1248 1371 iffi·
1263 1272 1287 1312 ι

70 1400 151 1466 quae
171 1381 425 1448 consentientes
447 1399 580 1466 semper
601 1382 805 1466 interpretes
823 1382 1017 1470 habuerint,
1041 1382 1130 1450 haud
1163 1386 1257 1429 Μ

67 1503 172 1592 magis
199 1519 341 1568 caussae
365 1499 521 1567 Tullium
551 1520 647 1588 quam
674 1503 755 1568 iuris
783 1506 905 1569 rationi
928 1507 1130 1591 ueritatiquc

67 1623 290 1691 satisfecisse:
327 1625 417 1688 inter
449 1642 532 1708 quas
565 1625 702 1708 primum
731 1624 878 1691 fortasse
907 1626 1015 1691 iocum
1049 1626 1129 1692 iilud

67 1744 212 1833 obtinet,
234 1743 322 1830 quod
346 1742 497 1807 omnibus
517 1746 611 1809 uisus
632 1749 684 1810 est
711 1744 847 1811 Tatiltua
869 1746 1048 1811 bellissime
1066 1745 1130 1811 dc-

66 1864 234 1948 fendisse,
271 1884 336 1930 non
367 1883 471 1949 posse
499 1865 607 1953 legem
637 1884 658 1930 a
689 1863 794 1933 Soita
824 1848 1007 1933 Dictatore
1028 1868 1130 1933 iatam

66 2005 106 2051 eo
137 1988 275 2072 ualere,
321 1990 359 2051 ut
388 1987 537 2052 ciuitatis
569 1984 742 2053 Romanae
774 1988 826 2052 ius
865 1985 1130 2078 Volaterranis,

65 2127 202 2194 quorum
231 2126 368 2173 numero
397 2105 442 2172 A.
472 2103 628 2173 Uuectnu
652 2108 734 2193 fuit,
765 2127 808 2174 ex
831 2109 938 2175 torma
960 2110 1042 2174 iuris
1064 2129 1132 2193 pu·

59 2230 142 2299 oiiei
164 2231 321 2296 amissum
344 2248 420 2295 esse
441 2234 536 2295 recte
557 2229 770 2296 iudicaretur.

128 2388 200 2454 Neo
223 2391 331 2453 minor
350 2389 398 2453 ilii
421 2386 638 2473 disputationi
661 2387 749 2472 apud
772 2406 823 2452 me
845 2388 928 2454 tides
950 2395 1012 2456 cst.
1055 2394 1131 2458 lta-

48 2528 131 2595 que
151 2490 287 2576 credant
312 2507 448 2598 cuis,
471 2513 575 2576 ciuem
598 2507 782 2574 Romanum
805 2505 1131 2597 fuissesortitum,

47 2647 203 2717 eamque
234 2633 520 2717 controuersiam,
554 2632 706 2716 quoniam
735 2632 829 2715 noui,
859 2630 946 2716 quod
975 2632 1132 2721 afferat,

45 2753 147 2817 nihii
175 2751 303 2837 habeo,
339 2753 481 2839 singuiis
511 2755 622 2816 autem
650 2753 752 2816 rebus
779 2753 1023 2838 sententiisque
1051 2753 1131 2818 ttiu-

48 2873 215 2939 strandis
244 2874 331 2938 tritus
358 2874 452 2939 iocus
481 2875 682 2958 occasioque
710 2873 822 2957 aptior
849 2875 930 2958 erit,
965 2875 1000 2938 in
1029 2892 1132 2960 prac-

49 2998 176 3061 sentia
198 2997 360 3081 relinquo.

129 3115 219 3182 iilud
242 3135 384 3201 quaero,
414 3115 493 3202 quid
522 3117 586 3202 sit,
615 3134 675 3182 cur
704 3117 736 3178 in
770 3119 944 3201 proposita
972 3119 1132 3202 sponsio-

58 3242 118 3302 nis
140 3237 376 3322 interdictique
399 3237 645 3322 otsueptatione
668 3242 702 3301 et
732 3236 935 3303 iudicatione
957 3241 1132 3305 attinuerit

57 3365 242 3445 spectare,
265 3363 352 3424 ciuis
375 3356 555 3425 mannase
577 3365 668 3424 esset
693 3353 847 3424 Caecina
870 3378 989 3426 neom.

130 3481 215 3546 Nam
244 3476 410 3545 Ptsonem
438 3499 504 3543 non
533 3479 564 3542 id
587 3481 693 3545 solum
715 3484 887 3569 arguisse,
921 3476 1132 3570 Cuectnum,
1154 3492 1285 3591 “⁰2:-

68 3607 143 3683 quis
166 3605 250 3668 ciuis
271 3601 444 3668 Romanus
467 3621 533 3665 non
556 3604 663 3684 esset,
686 3605 897 3668 testamento
913 3598 1133 3669 Caesenniae
1165 3608 1263 3658 witw-

72 3723 245 3791 tantiliter
265 3722 428 3790 heredem
449 3726 617 3809 seriptum
639 3740 732 3809 esse,
768 3723 864 3785 immo
887 3721 1003 3787 eodem
1025 3741 1133 3814 argu-

78 3849 179 3909 nento
209 3846 308 3909 etiam
346 3847 380 3908 in
413 3862 550 3926 caussa,
587 3861 672 3929 quae
703 3861 791 3909 nunc
825 3847 1002 3932 ageretur,
1038 3865 1132 3911 usum

83 3980 159 4052 isse,
195 3986 261 4051 quo
292 3967 469 4051 probaret,
502 3984 544 4032 nc
571 3964 751 4030 interdicto
779 3962 911 4049 quidem
937 3968 995 4030 sut
1024 3986 1133 4051 spon-

87 4087 162 4155 sione
185 4084 379 4154 cancticum
409 4092 543 4154 uincere
573 4105 690 4172 posse:
719 4087 929 4171 perspicuum
959 4092 1012 4154 est
1035 4107 1131 4173 quum

116 4219 233 4265 senem,
248 4218 291 4257 un.
307 4218 330 4255 n.
846 4187 888 4249 26
