3114 5046
340 373 381 434 66
446 373 540 474 Cup.
559 373 593 447 1.
645 372 707 448 De
729 378 814 447 inre
841 397 1002 449 caussae
1029 372 1296 461 Quinctianae.

174 558 318 668 'mol-32
339 561 525 646 Quinetiam
550 565 743 629 coniectura
761 565 896 648 assequi
917 564 958 629 V.
978 563 1018 629 Ι).
1033 568 1160 650 tenisi,
1183 559 1401 648 quemadmo-

171 676 216 712 ‘“⁰'
337 685 411 750 dum
434 682 553 750 Cicero
575 686 609 747 in
635 683 817 769 deperditis
836 684 954 769 hisee,
988 703 1074 770 quoe
1091 683 1268 763 dicuutur,
1303 683 1401 768 cupi-

335 806 424 872 iibus
447 805 654 871 refellendae
673 807 876 871 luilioiionis
895 824 1016 872 enussu
1037 805 1246 871 disserueris

395 926 483 992 Mihi
514 945 595 991 uero
628 927 810 993 secundum
831 946 917 1012 quoe
939 945 1042 1014 supro
1066 928 1207 1010 exposui
1242 927 1397 996 consini,

332 1049 546 1114 initiationis
566 1066 728 1112 coensem
744 1066 852 1132 neque
870 1052 984 1139 urgeri
1000 1050 1044 1115 eb
1065 1049 1268 1127 Hortensio,
1291 1064 1401 1132 neque

334 1187 355 1233 e
380 1167 542 1234 Cicerone
568 1187 634 1232 nno
661 1170 737 1254 plus
761 1171 884 1257 uerbo,
906 1187 1002 1255 quens
1024 1171 1187 1258 legimus,
1208 1167 1359 1234 delendi.

396 1322 490 1390 Sulis
512 1327 614 1390 mulio
632 1326 673 1392 de
694 1327 896 1392 auctoribus
936 1314 1035 1394 Nunc
1053 1331 1091 1391 ui
1110 1325 1299 1414 proferam,
1322 1324 1401 1410 quid

332 1448 405 1530 ipse
428 1449 586 1531 senilam,
618 1449 721 1531 primo
755 1449 830 1513 loco
856 1468 1050 1533 persuasum
1084 1448 1209 1532 huben,
1245 1447 1400 1514 lacunam

333 1584 408 1631 esse
430 1571 530 1652 eique
549 1569 812 1653 supplementum
833 1571 955 1655 requiri
977 1571 1037 1635 iuli
1056 1571 1275 1658 argumento,
1302 1569 1401 1653 quale

333 1690 420 1753 inter
439 1687 677 1754 Hotomonnm
695 1693 729 1754 ei
755 1687 965 1756 hominunm
986 1694 1225 1773 caeterosque,
1247 1692 1305 1774 qul
1328 1708 1402 1753 mu-

331 1810 423 1873 iilum
446 1827 522 1874 esse
541 1810 648 1875 locum
670 1812 890 1894 censuerunt,
920 1829 1034 1876 omnes
1058 1812 1227 1876 conuenit.
1278 1809 1401 1899 Argu-

331 1934 442 1995 menio
458 1930 534 1994 mihi
548 1934 626 1994 suni
641 1948 713 1996 cum
729 1949 813 2016 quoe
828 1930 1012 1997 Menullino
1034 1933 1231 2014 praesertim
1254 1949 1297 1997 uc
1321 1927 1401 1999 Gu-

331 2056 490 2117 rutonins
519 2070 701 2137 monuere,
736 2054 804 2115 ium
826 2052 982 2117 uniuersa
1008 2049 1231 2134 Quinciienue
1257 2069 1401 2118 caussae

331 2170 438 2260 figure
462 2175 497 2236 et
515 2173 645 2260 inungo,
668 2189 764 2255 quom
784 2191 887 2256 supro
908 2176 1170 2257 repraeseniuui.

397 2291 502 2355 Porro
542 2291 584 2356 de
623 2292 798 2357 uerborum
845 2297 964 2359 tenore
1002 2295 1087 2358 sutis
1128 2292 1206 2358 milri
1243 2296 1401 2377 consini,

334 2416 498 2499 quolenus
519 2411 712 2479 Hotomuni
740 2418 775 2478 ei
796 2411 961 2479 Lambini
980 2415 1214 2500 supplementa
1241 2416 1336 2480 inies
1364 2432 1402 2479 se

332 2538 538 2622 congruuni3
585 2552 647 2600 nec
680 2539 803 2600 tenere
836 2532 1037 2600 Hnselslsins
1072 2533 1116 2598 ud
1148 2552 1224 2618 cup.
1253 2533 1309 2599 i8.
1340 2553 1401 2619 pro

333 2653 442 2718 'l'uliio
460 2651 520 2734 ⁴⁴),
542 2654 648 2720 locum
668 2659 817 2718 nostrum
839 2656 1040 2740 respiciens,
1063 2653 1232 2720 iudicasse
1253 2654 1402 2736 uidetur,

396 2773 588 2841 Hotomuni
606 2778 786 2840 irruentum
809 2781 884 2840 sine
906 2794 1027 2841 ueneno
1050 2782 1125 2841 sine
1141 2774 1288 2861 mirem,
1322 2782 1403 2866 qni-

397 2914 528 2984 αιιιφιο
557 2913 635 2959 enm
655 2899 723 2959 isto
745 2895 817 2959 ioco
851 2887 1069 2976 (Tullianae)
1091 2896 1282 2962 contulerit
1288 2946 1299 2985 ‚
1330 2916 1403 2963 non

397 3016 637 3081 decollatorum
654 3033 747 3103 uim,
776 3019 858 3103 potin
879 3012 1101 3082 ciceroniani
1121 3022 1293 3084 semeonis
1315 3038 1404 3104 pro-

396 3140 548 3222 prleinie
569 3135 753 3200 admodum
774 3135 812 3199 id
833 3136 1029 3201 udinueinr.

330 3422 415 3472 uerior
433 3420 478 3470 ills
503 3419 630 3482 Ulpianus
651 3417 831 3480 excerpserit,
923 3418 969 3482 ii)
984 3421 1070 3471 Verba
1083 3423 1223 3473 Ciceronis
1236 3424 1307 3474 haee
1320 3433 1402 3476 suut:

330 3514 362 3559 ui
380 3511 451 3558 inies
471 3509 561 3557 nerins
581 3506 654 3570 prius
672 3505 754 3554 Tullii
775 3518 833 3555 ors·
892 3506 1075 3572 «Numquem
1089 3512 1228 3561 tribunum
1240 3511 1332 3574 piebis
1345 3528 1405 3565 ser·

333 3599 469 3647 lionesuo
491 3596 574 3643 libros
594 3607 675 3656 quum
698 3594 833 3642 iniersin·
891 3597 940 3643 sui
975 3597 1057 3646 Tullii
1093 3599 1303 3661 pulsauerunii
1340 3602 1404 3654 Nou

332 3686 395 3746 gnie
418 3685 497 3732 huius
516 3683 645 3732 orationis
666 3681 764 3742 capiis,
780 3693 833 3742 quo
892 3683 1019 3744 «opinor.
1055 3686 1125 3736 Nutu
1144 3686 1265 3737 iuratum
1287 3689 1405 3741 domum

292 3796 295 3802 ‚
331 3767 832 3835 pertineant.quaerendumsii·Coni.
891 3770 944 3819 «Ρ.
971 3772 1046 3823 raon
1067 3781 1150 3824 noclu
1172 3781 1335 3828 uenerunt?
1366 3780 1405 3831 lis

332 3860 510 3908 iloiomonnm
539 3858 572 3905 ed
603 3870 628 3905 c.
649 3856 690 3907 iii.
720 3862 745 3905 ei
772 3857 832 3904 Ant·
892 3859 941 3907 oid
959 3861 1071 3920 quidem.
1109 3863 1255 3914 Numinee
1276 3865 1404 3917 iursium

333 3945 504 4007 Anpusiinum
531 3943 564 3991 de
594 3945 748 3993 nominibus
775 3957 834 4005 pro·
892 3953 1048 3995 euenerunt
1077 3955 1104 3998 ei
1132 3964 1160 4000 ro
1187 3951 1244 4002 lelo
1269 3953 1404 4005 deiende·

333 4032 468 4093 priiszoii
486 4029 654 4081 Πανόέκτου
673 4031 831 4088 florenlinl,
890 4035 997 4082 «eunii
1017 4035 1078 4084 Dici
1095 4051 1149 4086 non
1164 4046 1262 4101 polest.
1303 4042 1402 4106 lingo·

334 4133 359 4168 c.
379 4119 417 4176 5.,
443 4117 470 4166 in
501 4117 602 4165 Otionis
642 4119 712 4166 Tios.
746 4119 777 4167 T.
810 4119 830 4165 l.
890 4121 938 4168 rel.
975 4120 1175 4174 Couiereiinm
1202 4128 1348 4181 Auctorem
1367 4134 1405 4183 ud

333 4221 361 4268 p
382 4205 441 4254 337.
889 4208 1047 4258 Herennium
1064 4212 1120 4272 li',
1139 4214 1184 4263 23.
