<?xml version="1.0" encoding="UTF-8"?>
<!DOCTYPE html PUBLIC "-//W3C//DTD XHTML 1.0 Transitional//EN"
    "http://www.w3.org/TR/xhtml1/DTD/xhtml1-transitional.dtd">
<html xmlns="http://www.w3.org/1999/xhtml" xml:lang="en" lang="en">
 <head>
  <title>
</title>
<meta http-equiv="Content-Type" content="text/html;charset=utf-8" />
  <meta name='ocr-system' content='tesseract 3.04.00' />
  <meta name='ocr-capabilities' content='ocr_page ocr_carea ocr_par ocr_line ocrx_word'/>
</head>
<body>
  <div class='ocr_page' id='page_1' title='image "./semestriumadmtu00kellgoog_0192.png"; bbox 0 0 3114 5046; ppageno 0'>
   <div class='ocr_carea' id='block_1_1' title="bbox 293 326 1257 429">
    <p class='ocr_par' dir='ltr' id='par_1_1' title="bbox 293 326 1257 429">
     <span class='ocr_line' id='line_1_1' title="bbox 293 326 1257 429; baseline 0.01 -37"><span class='ocrx_word' id='word_1_1' title='bbox 293 331 353 392; x_wconf 80' lang='lat'><strong>166</strong></span> <span class='ocrx_word' id='word_1_2' title='bbox 404 326 499 429; x_wconf 78' lang='lat' dir='ltr'><strong>Cup.</strong></span> <span class='ocrx_word' id='word_1_3' title='bbox 520 330 552 403; x_wconf 88' lang='lat'><strong>1.</strong></span> <span class='ocrx_word' id='word_1_4' title='bbox 608 327 665 403; x_wconf 86' lang='lat' dir='ltr'><strong>De</strong></span> <span class='ocrx_word' id='word_1_5' title='bbox 691 333 776 404; x_wconf 83' lang='lat' dir='ltr'><strong>iore</strong></span> <span class='ocrx_word' id='word_1_6' title='bbox 803 353 963 405; x_wconf 77' lang='lat' dir='ltr'><strong>caussae</strong></span> <span class='ocrx_word' id='word_1_7' title='bbox 991 328 1257 418; x_wconf 71' lang='lat' dir='ltr'><strong>Ouindioaoe.</strong></span> 
     </span>
    </p>
   </div>
   <div class='ocr_carea' id='block_1_2' title="bbox 161 510 1354 2284">
    <p class='ocr_par' dir='ltr' id='par_1_2' title="bbox 161 510 1354 2284">
     <span class='ocr_line' id='line_1_2' title="bbox 215 510 1352 601; baseline -0.001 -18"><span class='ocrx_word' id='word_1_8' title='bbox 215 551 221 574; x_wconf 87' lang='lat'><strong>·</strong></span> <span class='ocrx_word' id='word_1_9' title='bbox 354 517 442 601; x_wconf 74' lang='lat' dir='ltr'><strong>QuId</strong></span> <span class='ocrx_word' id='word_1_10' title='bbox 471 512 584 595; x_wconf 68' lang='lat' dir='ltr'><strong>enimi</strong></span> <span class='ocrx_word' id='word_1_11' title='bbox 622 510 695 600; x_wconf 83' lang='lat' dir='ltr'><strong>(sic</strong></span> <span class='ocrx_word' id='word_1_12' title='bbox 723 519 798 584; x_wconf 90' lang='lat' dir='ltr'><strong>mibi</strong></span> <span class='ocrx_word' id='word_1_13' title='bbox 833 519 948 585; x_wconf 93' lang='lat' dir='ltr'><strong>uideor</strong></span> <span class='ocrx_word' id='word_1_14' title='bbox 985 519 1101 586; x_wconf 89' lang='lat' dir='ltr'><strong>audire</strong></span> <span class='ocrx_word' id='word_1_15' title='bbox 1136 519 1352 585; x_wconf 77' lang='lat' dir='ltr'>Hortensium</span> 
     </span>
     <span class='ocr_line' id='line_1_3' title="bbox 161 607 1354 730; baseline 0 -25"><span class='ocrx_word' id='word_1_16' title='bbox 161 607 203 715; x_wconf 35' lang='grc' dir='ltr'><strong>τε,</strong></span> <span class='ocrx_word' id='word_1_17' title='bbox 245 616 256 628; x_wconf 60' lang='grc'><strong><em>’</em></strong></span> <span class='ocrx_word' id='word_1_18' title='bbox 290 660 357 705; x_wconf 96' lang='lat' dir='ltr'><strong>non</strong></span> <span class='ocrx_word' id='word_1_19' title='bbox 378 644 585 730; x_wconf 78' lang='lat' dir='ltr'><strong>argumentis</strong></span> <span class='ocrx_word' id='word_1_20' title='bbox 607 641 711 705; x_wconf 89' lang='lat' dir='ltr'><strong>solum</strong></span> <span class='ocrx_word' id='word_1_21' title='bbox 734 661 846 706; x_wconf 88' lang='lat' dir='ltr'><strong>uerum</strong></span> <span class='ocrx_word' id='word_1_22' title='bbox 869 643 967 706; x_wconf 87' lang='lat' dir='ltr'><strong>etiam</strong></span> <span class='ocrx_word' id='word_1_23' title='bbox 987 639 1226 726; x_wconf 89' lang='lat' dir='ltr'><strong>quodammodo</strong></span> <span class='ocrx_word' id='word_1_24' title='bbox 1250 658 1354 725; x_wconf 89' lang='lat' dir='ltr'><strong>prae-</strong></span> 
     </span>
     <span class='ocr_line' id='line_1_4' title="bbox 207 735 1354 850; baseline 0.002 -26"><span class='ocrx_word' id='word_1_25' title='bbox 207 735 212 746; x_wconf 59' lang='grc'><strong>’</strong></span> <span class='ocrx_word' id='word_1_26' title='bbox 290 759 421 828; x_wconf 88' lang='lat' dir='ltr'><strong>iudiciis</strong></span> <span class='ocrx_word' id='word_1_27' title='bbox 450 753 678 850; x_wconf 81' lang='lat' dir='ltr'><strong>pugnantem)</strong></span> <span class='ocrx_word' id='word_1_28' title='bbox 705 767 733 826; x_wconf 86' lang='lat' dir='ltr'><strong>si</strong></span> <span class='ocrx_word' id='word_1_29' title='bbox 764 781 837 847; x_wconf 89' lang='lat' dir='ltr'><strong>pro·</strong></span> <span class='ocrx_word' id='word_1_30' title='bbox 854 765 943 827; x_wconf 91' lang='lat' dir='ltr'><strong>iusta</strong></span> <span class='ocrx_word' id='word_1_31' title='bbox 962 763 1113 828; x_wconf 89' lang='lat' dir='ltr'><strong>absentis</strong></span> <span class='ocrx_word' id='word_1_32' title='bbox 1134 760 1354 846; x_wconf 75' lang='lat' dir='ltr'><strong>defensione,</strong></span> 
     </span>
     <span class='ocr_line' id='line_1_5' title="bbox 289 881 1353 972; baseline -0.002 -24"><span class='ocrx_word' id='word_1_33' title='bbox 289 886 338 948; x_wconf 89' lang='lat' dir='ltr'><strong>uti</strong></span> <span class='ocrx_word' id='word_1_34' title='bbox 361 888 396 947; x_wconf 91' lang='lat' dir='ltr'><strong>tu</strong></span> <span class='ocrx_word' id='word_1_35' title='bbox 420 883 611 969; x_wconf 77' lang='lat' dir='ltr'>praedicas,</span> <span class='ocrx_word' id='word_1_36' title='bbox 646 883 866 950; x_wconf 89' lang='lat' dir='ltr'><strong>uadimonium</strong></span> <span class='ocrx_word' id='word_1_37' title='bbox 888 882 997 972; x_wconf 88' lang='lat' dir='ltr'><strong>istud,</strong></span> <span class='ocrx_word' id='word_1_38' title='bbox 1028 903 1092 969; x_wconf 94' lang='lat' dir='ltr'><strong>quo</strong></span> <span class='ocrx_word' id='word_1_39' title='bbox 1116 881 1265 965; x_wconf 79' lang='lat' dir='ltr'><strong>Quinctii</strong></span> <span class='ocrx_word' id='word_1_40' title='bbox 1286 902 1353 947; x_wconf 91' lang='lat' dir='ltr'><strong>no-</strong></span> 
     </span>
     <span class='ocr_line' id='line_1_6' title="bbox 288 1004 1352 1093; baseline 0.002 -25"><span class='ocrx_word' id='word_1_41' title='bbox 288 1006 375 1070; x_wconf 89' lang='lat' dir='ltr'><strong>mine</strong></span> <span class='ocrx_word' id='word_1_42' title='bbox 408 1005 554 1070; x_wconf 83' lang='lat' dir='ltr'><strong>Alienus</strong></span> <span class='ocrx_word' id='word_1_43' title='bbox 585 1005 715 1072; x_wconf 90' lang='lat' dir='ltr'><strong>Naeuio</strong></span> <span class='ocrx_word' id='word_1_44' title='bbox 752 1025 790 1071; x_wconf 92' lang='lat' dir='ltr'><strong>se</strong></span> <span class='ocrx_word' id='word_1_45' title='bbox 823 1005 1057 1093; x_wconf 84' lang='lat' dir='ltr'><strong>obligauerat,</strong></span> <span class='ocrx_word' id='word_1_46' title='bbox 1092 1004 1352 1091; x_wconf 72' lang='lat' dir='ltr'><strong>aestimabatur,</strong></span> 
     </span>
     <span class='ocr_line' id='line_1_7' title="bbox 289 1118 1352 1212; baseline -0.002 -20"><span class='ocrx_word' id='word_1_47' title='bbox 289 1127 378 1192; x_wconf 91' lang='lat' dir='ltr'><strong>bona</strong></span> <span class='ocrx_word' id='word_1_48' title='bbox 410 1125 554 1207; x_wconf 77' lang='lat' dir='ltr'><strong>Quinctii</strong></span> <span class='ocrx_word' id='word_1_49' title='bbox 585 1145 643 1192; x_wconf 89' lang='lat' dir='ltr'><strong>cur</strong></span> <span class='ocrx_word' id='word_1_50' title='bbox 676 1127 800 1192; x_wconf 90' lang='lat' dir='ltr'><strong>diutius</strong></span> <span class='ocrx_word' id='word_1_51' title='bbox 829 1118 1115 1212; x_wconf 74' lang='lat' dir='ltr'><strong>possidebantur?</strong></span> <span class='ocrx_word' id='word_1_52' title='bbox 1151 1144 1212 1192; x_wconf 92' lang='lat' dir='ltr'><strong>cur</strong></span> <span class='ocrx_word' id='word_1_53' title='bbox 1243 1125 1352 1191; x_wconf 90' lang='lat' dir='ltr'><strong>medio</strong></span> 
     </span>
     <span class='ocr_line' id='line_1_8' title="bbox 290 1238 1352 1335; baseline -0.002 -23"><span class='ocrx_word' id='word_1_54' title='bbox 290 1251 378 1312; x_wconf 88' lang='lat' dir='ltr'><strong>omni</strong></span> <span class='ocrx_word' id='word_1_55' title='bbox 401 1240 588 1332; x_wconf 69' lang='lat' dir='ltr'><strong>temporei·</strong></span> <span class='ocrx_word' id='word_1_56' title='bbox 604 1248 745 1335; x_wconf 88' lang='lat' dir='ltr'><strong>denique</strong></span> <span class='ocrx_word' id='word_1_57' title='bbox 762 1268 822 1315; x_wconf 90' lang='lat' dir='ltr'><strong>cur</strong></span> <span class='ocrx_word' id='word_1_58' title='bbox 836 1248 935 1315; x_wconf 93' lang='lat' dir='ltr'><strong>bodie</strong></span> <span class='ocrx_word' id='word_1_59' title='bbox 950 1247 1164 1334; x_wconf 88' lang='lat' dir='ltr'><strong>possidentur</strong></span> <span class='ocrx_word' id='word_1_60' title='bbox 1171 1238 1242 1320; x_wconf 53' lang='grc' dir='ltr'><em>Μ</em></span> <span class='ocrx_word' id='word_1_61' title='bbox 1264 1245 1352 1329; x_wconf 76' lang='lat' dir='ltr'><strong>Quid</strong></span> 
     </span>
     <span class='ocr_line' id='line_1_9' title="bbox 289 1368 1351 1456; baseline 0 -23"><span class='ocrx_word' id='word_1_62' title='bbox 289 1371 337 1434; x_wconf 90' lang='lat' dir='ltr'><strong>ita</strong></span> <span class='ocrx_word' id='word_1_63' title='bbox 358 1368 571 1456; x_wconf 88' lang='lat' dir='ltr'><strong>Praetorum,</strong></span> <span class='ocrx_word' id='word_1_64' title='bbox 593 1373 647 1456; x_wconf 92' lang='lat' dir='ltr'><strong>qui</strong></span> <span class='ocrx_word' id='word_1_65' title='bbox 670 1370 790 1437; x_wconf 79' lang='lat' dir='ltr'><strong>abhinc</strong></span> <span class='ocrx_word' id='word_1_66' title='bbox 814 1375 884 1437; x_wconf 91' lang='lat' dir='ltr'><strong>tres</strong></span> <span class='ocrx_word' id='word_1_67' title='bbox 905 1369 1057 1456; x_wconf 87' lang='lat' dir='ltr'><strong>inerunt,</strong></span> <span class='ocrx_word' id='word_1_68' title='bbox 1080 1389 1177 1455; x_wconf 90' lang='lat' dir='ltr'><strong>quum</strong></span> <span class='ocrx_word' id='word_1_69' title='bbox 1199 1387 1305 1454; x_wconf 88' lang='lat' dir='ltr'><strong>saepe</strong></span> <span class='ocrx_word' id='word_1_70' title='bbox 1320 1370 1351 1433; x_wconf 87' lang='lat' dir='ltr'><strong>td</strong></span> 
     </span>
     <span class='ocr_line' id='line_1_10' title="bbox 291 1489 1351 1576; baseline 0 -22"><span class='ocrx_word' id='word_1_71' title='bbox 291 1489 467 1571; x_wconf 77' lang='lat' dir='ltr'><strong>Quinctius</strong></span> <span class='ocrx_word' id='word_1_72' title='bbox 490 1493 695 1576; x_wconf 79' lang='lat' dir='ltr'><strong>postularet,</strong></span> <span class='ocrx_word' id='word_1_73' title='bbox 716 1492 759 1558; x_wconf 91' lang='lat' dir='ltr'><strong>de</strong></span> <span class='ocrx_word' id='word_1_74' title='bbox 782 1494 877 1558; x_wconf 88' lang='lat' dir='ltr'><strong>bonis</strong></span> <span class='ocrx_word' id='word_1_75' title='bbox 898 1490 1064 1558; x_wconf 83' lang='lat' dir='ltr'><strong>decedere</strong></span> <span class='ocrx_word' id='word_1_76' title='bbox 1078 1491 1240 1558; x_wconf 91' lang='lat' dir='ltr'><strong>Naeuium</strong></span> <span class='ocrx_word' id='word_1_77' title='bbox 1255 1509 1351 1556; x_wconf 90' lang='lat' dir='ltr'><strong>nemo</strong></span> 
     </span>
     <span class='ocr_line' id='line_1_11' title="bbox 289 1604 1353 1698; baseline 0 -24"><span class='ocrx_word' id='word_1_78' title='bbox 289 1604 414 1677; x_wconf 72' lang='lat' dir='ltr'><strong>iussit?</strong></span> <span class='ocrx_word' id='word_1_79' title='bbox 450 1609 537 1693; x_wconf 79' lang='lat' dir='ltr'><strong>Quid</strong></span> <span class='ocrx_word' id='word_1_80' title='bbox 559 1614 606 1678; x_wconf 91' lang='lat' dir='ltr'><strong>ita</strong></span> <span class='ocrx_word' id='word_1_81' title='bbox 629 1632 670 1678; x_wconf 91' lang='lat' dir='ltr'><strong>ne</strong></span> <span class='ocrx_word' id='word_1_82' title='bbox 693 1614 896 1679; x_wconf 91' lang='lat' dir='ltr'><strong>tribunorum</strong></span> <span class='ocrx_word' id='word_1_83' title='bbox 912 1614 1021 1698; x_wconf 86' lang='lat' dir='ltr'><strong>plebis</strong></span> <span class='ocrx_word' id='word_1_84' title='bbox 1043 1611 1172 1698; x_wconf 91' lang='lat' dir='ltr'><strong>quidem</strong></span> <span class='ocrx_word' id='word_1_85' title='bbox 1187 1610 1353 1678; x_wconf 86' lang='lat' dir='ltr'><strong>aduersus</strong></span> 
     </span>
     <span class='ocr_line' id='line_1_12' title="bbox 290 1734 1352 1820; baseline -0.001 -23"><span class='ocrx_word' id='word_1_86' title='bbox 290 1735 535 1817; x_wconf 87' lang='lat' dir='ltr'><strong>possessionem</strong></span> <span class='ocrx_word' id='word_1_87' title='bbox 567 1735 726 1799; x_wconf 87' lang='lat' dir='ltr'><strong>bonorum</strong></span> <span class='ocrx_word' id='word_1_88' title='bbox 755 1738 827 1799; x_wconf 89' lang='lat' dir='ltr'><strong>toto</strong></span> <span class='ocrx_word' id='word_1_89' title='bbox 856 1754 897 1800; x_wconf 93' lang='lat' dir='ltr'><strong>eo</strong></span> <span class='ocrx_word' id='word_1_90' title='bbox 924 1739 1074 1820; x_wconf 89' lang='lat' dir='ltr'><strong>tempore</strong></span> <span class='ocrx_word' id='word_1_91' title='bbox 1103 1734 1229 1798; x_wconf 84' lang='lat' dir='ltr'><strong>auxilio</strong></span> <span class='ocrx_word' id='word_1_92' title='bbox 1259 1735 1352 1818; x_wconf 87' lang='lat' dir='ltr'><strong>quis-</strong></span> 
     </span>
     <span class='ocr_line' id='line_1_13' title="bbox 291 1845 1350 1942; baseline -0.001 -23"><span class='ocrx_word' id='word_1_93' title='bbox 291 1874 386 1940; x_wconf 89' lang='lat' dir='ltr'><strong>quam</strong></span> <span class='ocrx_word' id='word_1_94' title='bbox 409 1845 498 1918; x_wconf 71' lang='lat' dir='ltr'><strong>tuit?</strong></span> <span class='ocrx_word' id='word_1_95' title='bbox 532 1853 626 1936; x_wconf 77' lang='lat' dir='ltr'><strong>Quae</strong></span> <span class='ocrx_word' id='word_1_96' title='bbox 649 1875 745 1941; x_wconf 92' lang='lat' dir='ltr'><strong>quum</strong></span> <span class='ocrx_word' id='word_1_97' title='bbox 768 1857 815 1922; x_wconf 92' lang='lat' dir='ltr'><strong>ita</strong></span> <span class='ocrx_word' id='word_1_98' title='bbox 836 1859 922 1942; x_wconf 90' lang='lat' dir='ltr'><strong>sint,</strong></span> <span class='ocrx_word' id='word_1_99' title='bbox 944 1874 1054 1921; x_wconf 90' lang='lat' dir='ltr'><strong>nonne</strong></span> <span class='ocrx_word' id='word_1_100' title='bbox 1077 1853 1251 1921; x_wconf 80' lang='lat' dir='ltr'><strong>fatendum</strong></span> <span class='ocrx_word' id='word_1_101' title='bbox 1274 1856 1350 1942; x_wconf 87' lang='lat' dir='ltr'><strong>erit,</strong></span> 
     </span>
     <span class='ocr_line' id='line_1_14' title="bbox 290 1974 1351 2062; baseline -0.001 -22"><span class='ocrx_word' id='word_1_102' title='bbox 290 1994 333 2042; x_wconf 90' lang='lat' dir='ltr'><strong>ne</strong></span> <span class='ocrx_word' id='word_1_103' title='bbox 355 1977 542 2041; x_wconf 89' lang='lat' dir='ltr'><strong>uadimonio</strong></span> <span class='ocrx_word' id='word_1_104' title='bbox 565 1975 695 2061; x_wconf 88' lang='lat' dir='ltr'><strong>quidem</strong></span> <span class='ocrx_word' id='word_1_105' title='bbox 718 1978 774 2042; x_wconf 84' lang='lat' dir='ltr'><strong>itio</strong></span> <span class='ocrx_word' id='word_1_106' title='bbox 791 1977 951 2044; x_wconf 86' lang='lat' dir='ltr'><strong>Naeuium</strong></span> <span class='ocrx_word' id='word_1_107' title='bbox 972 1979 1061 2043; x_wconf 85' lang='lat' dir='ltr'><strong>inter</strong></span> <span class='ocrx_word' id='word_1_108' title='bbox 1075 1979 1177 2062; x_wconf 90' lang='lat' dir='ltr'><strong>atque</strong></span> <span class='ocrx_word' id='word_1_109' title='bbox 1192 1974 1351 2042; x_wconf 84' lang='lat' dir='ltr'><strong>Alienum</strong></span> 
     </span>
     <span class='ocr_line' id='line_1_15' title="bbox 291 2096 1352 2184; baseline -0.002 -22"><span class='ocrx_word' id='word_1_110' title='bbox 291 2101 466 2163; x_wconf 90' lang='lat' dir='ltr'><strong>contracto</strong></span> <span class='ocrx_word' id='word_1_111' title='bbox 488 2097 640 2162; x_wconf 80' lang='lat' dir='ltr'><strong>effectum</strong></span> <span class='ocrx_word' id='word_1_112' title='bbox 662 2117 759 2184; x_wconf 89' lang='lat' dir='ltr'><strong>esse,</strong></span> <span class='ocrx_word' id='word_1_113' title='bbox 780 2103 817 2163; x_wconf 92' lang='lat' dir='ltr'><strong>ut</strong></span> <span class='ocrx_word' id='word_1_114' title='bbox 839 2096 1015 2180; x_wconf 79' lang='lat' dir='ltr'><strong>Qatnctius</strong></span> <span class='ocrx_word' id='word_1_115' title='bbox 1036 2098 1160 2163; x_wconf 87' lang='lat' dir='ltr'><strong>absens</strong></span> <span class='ocrx_word' id='word_1_116' title='bbox 1180 2100 1279 2164; x_wconf 88' lang='lat' dir='ltr'><strong>reete</strong></span> <span class='ocrx_word' id='word_1_117' title='bbox 1300 2099 1352 2161; x_wconf 91' lang='lat' dir='ltr'><strong>tu-</strong></span> 
     </span>
     <span class='ocr_line' id='line_1_16' title="bbox 292 2210 1145 2284; baseline 0.001 -2"><span class='ocrx_word' id='word_1_118' title='bbox 292 2217 378 2284; x_wconf 94' lang='lat' dir='ltr'><strong>dicio</strong></span> <span class='ocrx_word' id='word_1_119' title='bbox 401 2218 563 2283; x_wconf 83' lang='lat' dir='ltr'><strong>defensus</strong></span> <span class='ocrx_word' id='word_1_120' title='bbox 584 2221 643 2282; x_wconf 89' lang='lat' dir='ltr'><strong>aut</strong></span> <span class='ocrx_word' id='word_1_121' title='bbox 665 2222 756 2284; x_wconf 89' lang='lat' dir='ltr'><strong>esset</strong></span> <span class='ocrx_word' id='word_1_122' title='bbox 778 2224 836 2284; x_wconf 88' lang='lat' dir='ltr'><strong>aut</strong></span> <span class='ocrx_word' id='word_1_123' title='bbox 858 2210 1055 2284; x_wconf 70' lang='lat' dir='ltr'><strong>uideretur?</strong></span> <span class='ocrx_word' id='word_1_124' title='bbox 1141 2218 1145 2225; x_wconf 86' lang='lat'>&#39;</span> 
     </span>
    </p>
   </div>
   <div class='ocr_carea' id='block_1_3' title="bbox 291 2375 1353 3316">
    <p class='ocr_par' dir='ltr' id='par_1_3' title="bbox 291 2375 1353 2822">
     <span class='ocr_line' id='line_1_17' title="bbox 293 2375 1353 2466; baseline 0.001 -25"><span class='ocrx_word' id='word_1_125' title='bbox 293 2422 297 2432; x_wconf 75' lang='lat'>.</span> <span class='ocrx_word' id='word_1_126' title='bbox 353 2376 532 2441; x_wconf 77' lang='lat' dir='ltr'><strong>Enimuero</strong></span> <span class='ocrx_word' id='word_1_127' title='bbox 554 2375 639 2441; x_wconf 88' lang='lat' dir='ltr'><strong>baec</strong></span> <span class='ocrx_word' id='word_1_128' title='bbox 660 2379 905 2466; x_wconf 74' lang='lat' dir='ltr'><strong>argumentatio</strong></span> <span class='ocrx_word' id='word_1_129' title='bbox 921 2378 1028 2442; x_wconf 88' lang='lat' dir='ltr'><strong>omnis</strong></span> <span class='ocrx_word' id='word_1_130' title='bbox 1045 2381 1081 2441; x_wconf 89' lang='lat' dir='ltr'><strong>ut</strong></span> <span class='ocrx_word' id='word_1_131' title='bbox 1095 2377 1180 2442; x_wconf 89' lang='lat' dir='ltr'><strong>satis</strong></span> <span class='ocrx_word' id='word_1_132' title='bbox 1196 2378 1353 2461; x_wconf 84' lang='lat' dir='ltr'><strong>speciosa</strong></span> 
     </span>
     <span class='ocr_line' id='line_1_18' title="bbox 292 2496 1352 2584; baseline 0.002 -22"><span class='ocrx_word' id='word_1_133' title='bbox 292 2516 399 2582; x_wconf 88' lang='lat' dir='ltr'><strong>neque</strong></span> <span class='ocrx_word' id='word_1_134' title='bbox 429 2499 542 2583; x_wconf 88' lang='lat' dir='ltr'><strong>utique</strong></span> <span class='ocrx_word' id='word_1_135' title='bbox 570 2498 655 2562; x_wconf 83' lang='lat' dir='ltr'><strong>leuis</strong></span> <span class='ocrx_word' id='word_1_136' title='bbox 682 2503 740 2563; x_wconf 93' lang='lat' dir='ltr'><strong>aut</strong></span> <span class='ocrx_word' id='word_1_137' title='bbox 768 2497 915 2565; x_wconf 85' lang='lat' dir='ltr'><strong>inualida</strong></span> <span class='ocrx_word' id='word_1_138' title='bbox 942 2499 1062 2579; x_wconf 82' lang='lat' dir='ltr'><strong>tuerit,</strong></span> <span class='ocrx_word' id='word_1_139' title='bbox 1099 2496 1352 2584; x_wconf 78' lang='lat' dir='ltr'><strong>haudquaquam</strong></span> 
     </span>
     <span class='ocr_line' id='line_1_19' title="bbox 292 2618 1352 2706; baseline 0.004 -24"><span class='ocrx_word' id='word_1_140' title='bbox 292 2624 402 2684; x_wconf 89' lang='lat' dir='ltr'><strong>tamen</strong></span> <span class='ocrx_word' id='word_1_141' title='bbox 434 2622 579 2684; x_wconf 84' lang='lat' dir='ltr'><strong>arbitror</strong></span> <span class='ocrx_word' id='word_1_142' title='bbox 605 2619 754 2684; x_wconf 82' lang='lat' dir='ltr'><strong>defuisse</strong></span> <span class='ocrx_word' id='word_1_143' title='bbox 783 2639 868 2706; x_wconf 93' lang='lat' dir='ltr'><strong>quae</strong></span> <span class='ocrx_word' id='word_1_144' title='bbox 895 2618 985 2705; x_wconf 92' lang='lat' dir='ltr'><strong>apud</strong></span> <span class='ocrx_word' id='word_1_145' title='bbox 1008 2620 1190 2706; x_wconf 87' lang='lat' dir='ltr'><strong>Aquiliium</strong></span> <span class='ocrx_word' id='word_1_146' title='bbox 1214 2619 1352 2686; x_wconf 79' lang='lat' dir='ltr'><strong>iudicem</strong></span> 
     </span>
     <span class='ocr_line' id='line_1_20' title="bbox 291 2739 947 2822; baseline 0 -16"><span class='ocrx_word' id='word_1_147' title='bbox 291 2760 312 2806; x_wconf 88' lang='lat' dir='ltr'><strong>a</strong></span> <span class='ocrx_word' id='word_1_148' title='bbox 335 2739 481 2822; x_wconf 77' lang='lat' dir='ltr'><strong>Quinctii</strong></span> <span class='ocrx_word' id='word_1_149' title='bbox 503 2759 623 2806; x_wconf 85' lang='lat' dir='ltr'><strong>caussa</strong></span> <span class='ocrx_word' id='word_1_150' title='bbox 644 2745 763 2807; x_wconf 87' lang='lat' dir='ltr'><strong>eontra</strong></span> <span class='ocrx_word' id='word_1_151' title='bbox 784 2743 947 2807; x_wconf 83' lang='lat' dir='ltr'><strong>ualerent.</strong></span> 
     </span>
    </p>

    <p class='ocr_par' dir='ltr' id='par_1_4' title="bbox 292 2859 1341 3316">
     <span class='ocr_line' id='line_1_21' title="bbox 355 2859 1341 2948; baseline 0.002 -19"><span class='ocrx_word' id='word_1_152' title='bbox 355 2859 613 2946; x_wconf 70' lang='lat' dir='ltr'><strong>considerabat,</strong></span> <span class='ocrx_word' id='word_1_153' title='bbox 643 2866 777 2946; x_wconf 87' lang='lat' dir='ltr'><strong>opinor,</strong></span> <span class='ocrx_word' id='word_1_154' title='bbox 805 2863 981 2948; x_wconf 87' lang='lat' dir='ltr'><strong>Naeuium,</strong></span> <span class='ocrx_word' id='word_1_155' title='bbox 1012 2865 1161 2948; x_wconf 90' lang='lat' dir='ltr'><strong>quamuis</strong></span> <span class='ocrx_word' id='word_1_156' title='bbox 1186 2865 1341 2931; x_wconf 79' lang='lat' dir='ltr'><strong>intereea</strong></span> 
     </span>
     <span class='ocr_line' id='line_1_22' title="bbox 292 2985 1334 3073; baseline 0.003 -24"><span class='ocrx_word' id='word_1_157' title='bbox 292 2987 396 3049; x_wconf 89' lang='lat' dir='ltr'><strong>sionis</strong></span> <span class='ocrx_word' id='word_1_158' title='bbox 425 2988 512 3049; x_wconf 87' lang='lat' dir='ltr'><strong>metu</strong></span> <span class='ocrx_word' id='word_1_159' title='bbox 538 3002 579 3050; x_wconf 90' lang='lat' dir='ltr'><strong>ac</strong></span> <span class='ocrx_word' id='word_1_160' title='bbox 600 2988 760 3073; x_wconf 82' lang='lat' dir='ltr'><strong>grauate,</strong></span> <span class='ocrx_word' id='word_1_161' title='bbox 797 2988 962 3050; x_wconf 64' lang='lat' dir='ltr'><strong>emonem</strong></span> <span class='ocrx_word' id='word_1_162' title='bbox 991 2988 1102 3049; x_wconf 88' lang='lat' dir='ltr'><strong>tamen</strong></span> <span class='ocrx_word' id='word_1_163' title='bbox 1122 2985 1334 3068; x_wconf 78' lang='lat' dir='ltr'><strong>pntdeettem</strong></span> 
     </span>
     <span class='ocr_line' id='line_1_23' title="bbox 292 3104 1327 3193; baseline 0.002 -23"><span class='ocrx_word' id='word_1_164' title='bbox 292 3125 355 3193; x_wconf 83' lang='lat' dir='ltr'><strong>que</strong></span> <span class='ocrx_word' id='word_1_165' title='bbox 378 3105 595 3170; x_wconf 89' lang='lat' dir='ltr'><strong>uadimonium</strong></span> <span class='ocrx_word' id='word_1_166' title='bbox 618 3123 690 3170; x_wconf 90' lang='lat' dir='ltr'><strong>eum</strong></span> <span class='ocrx_word' id='word_1_167' title='bbox 713 3104 840 3170; x_wconf 86' lang='lat' dir='ltr'><strong>Alfeno</strong></span> <span class='ocrx_word' id='word_1_168' title='bbox 863 3106 1091 3193; x_wconf 83' lang='lat' dir='ltr'><strong>contraxisse,</strong></span> <span class='ocrx_word' id='word_1_169' title='bbox 1122 3105 1156 3170; x_wconf 94' lang='lat' dir='ltr'><strong>id</strong></span> <span class='ocrx_word' id='word_1_170' title='bbox 1178 3104 1327 3172; x_wconf 70' lang='lat' dir='ltr'><strong>defensi«</strong></span> 
     </span>
     <span class='ocr_line' id='line_1_24' title="bbox 294 3225 1318 3316; baseline 0.005 -27"><span class='ocrx_word' id='word_1_171' title='bbox 294 3228 345 3292; x_wconf 90' lang='lat' dir='ltr'><strong>nis</strong></span> <span class='ocrx_word' id='word_1_172' title='bbox 372 3247 499 3316; x_wconf 82' lang='lat' dir='ltr'><strong>genus,</strong></span> <span class='ocrx_word' id='word_1_173' title='bbox 535 3245 599 3310; x_wconf 93' lang='lat' dir='ltr'><strong>quo</strong></span> <span class='ocrx_word' id='word_1_174' title='bbox 626 3245 691 3289; x_wconf 92' lang='lat' dir='ltr'><strong>non</strong></span> <span class='ocrx_word' id='word_1_175' title='bbox 714 3225 757 3291; x_wconf 89' lang='lat' dir='ltr'><strong>ad</strong></span> <span class='ocrx_word' id='word_1_176' title='bbox 783 3225 921 3292; x_wconf 90' lang='lat' dir='ltr'><strong>iudicem</strong></span> <span class='ocrx_word' id='word_1_177' title='bbox 945 3246 1017 3292; x_wconf 89' lang='lat' dir='ltr'><strong>eum</strong></span> <span class='ocrx_word' id='word_1_178' title='bbox 1040 3230 1265 3311; x_wconf 83' lang='lat' dir='ltr'><strong>procuratore</strong></span> <span class='ocrx_word' id='word_1_179' title='bbox 1287 3231 1318 3294; x_wconf 89' lang='lat' dir='ltr'><strong>ir</strong></span> 
     </span>
    </p>
   </div>
   <div class='ocr_carea' id='block_1_4' title="bbox 293 3466 1303 4048">
    <p class='ocr_par' dir='ltr' id='par_1_5' title="bbox 293 3466 1303 4048">
     <span class='ocr_line' id='line_1_25' title="bbox 295 3466 1303 3530; baseline 0.009 -20"><span class='ocrx_word' id='word_1_180' title='bbox 295 3466 425 3528; x_wconf 76' lang='lat' dir='ltr'><strong>«patum,</strong></span> <span class='ocrx_word' id='word_1_181' title='bbox 454 3467 504 3514; x_wconf 86' lang='lat' dir='ltr'><strong>nisi</strong></span> <span class='ocrx_word' id='word_1_182' title='bbox 530 3467 593 3529; x_wconf 91' lang='lat' dir='ltr'><strong>quid</strong></span> <span class='ocrx_word' id='word_1_183' title='bbox 614 3467 683 3516; x_wconf 85' lang='lat' dir='ltr'><strong>inter</strong></span> <span class='ocrx_word' id='word_1_184' title='bbox 704 3467 791 3528; x_wconf 83' lang='lat' dir='ltr'><strong>ipsum</strong></span> <span class='ocrx_word' id='word_1_185' title='bbox 850 3467 1010 3530; x_wconf 80' lang='lat' dir='ltr'><strong>iampridem</strong></span> <span class='ocrx_word' id='word_1_186' title='bbox 1030 3481 1095 3517; x_wconf 89' lang='lat' dir='ltr'><strong>uero</strong></span> <span class='ocrx_word' id='word_1_187' title='bbox 1114 3468 1247 3518; x_wconf 80' lang='lat' dir='ltr'><strong>reiectam</strong></span> <span class='ocrx_word' id='word_1_188' title='bbox 1267 3483 1303 3519; x_wconf 72' lang='grc' dir='ltr'><strong>ι,</strong></span> 
     </span>
     <span class='ocr_line' id='line_1_26' title="bbox 293 3552 1300 3618; baseline 0.004 -16"><span class='ocrx_word' id='word_1_189' title='bbox 293 3552 442 3603; x_wconf 76' lang='lat' dir='ltr'><strong>«Alienum</strong></span> <span class='ocrx_word' id='word_1_190' title='bbox 461 3560 487 3603; x_wconf 89' lang='lat' dir='ltr'><strong>et</strong></span> <span class='ocrx_word' id='word_1_191' title='bbox 510 3555 641 3603; x_wconf 86' lang='lat' dir='ltr'><strong>Naeuium</strong></span> <span class='ocrx_word' id='word_1_192' title='bbox 663 3555 792 3604; x_wconf 86' lang='lat' dir='ltr'><strong>conueui·</strong></span> <span class='ocrx_word' id='word_1_193' title='bbox 848 3557 942 3607; x_wconf 70' lang='lat' dir='ltr'><strong>aretio,</strong></span> <span class='ocrx_word' id='word_1_194' title='bbox 963 3556 1110 3607; x_wconf 71' lang='lat' dir='ltr'><strong>Brittonio,</strong></span> <span class='ocrx_word' id='word_1_195' title='bbox 1130 3554 1300 3618; x_wconf 83' lang='lat' dir='ltr'><strong>Lumbiao‚t</strong></span> 
     </span>
     <span class='ocr_line' id='line_1_27' title="bbox 297 3643 1293 3709; baseline 0.011 -25"><span class='ocrx_word' id='word_1_196' title='bbox 297 3647 377 3696; x_wconf 85' lang='lat' dir='ltr'><strong>«ret,</strong></span> <span class='ocrx_word' id='word_1_197' title='bbox 397 3644 536 3690; x_wconf 71' lang='lat' dir='ltr'><strong>uidotmne</strong></span> <span class='ocrx_word' id='word_1_198' title='bbox 552 3644 728 3692; x_wconf 73' lang='lat' dir='ltr'><strong>intercessisse</strong></span> <span class='ocrx_word' id='word_1_199' title='bbox 746 3657 791 3704; x_wconf 87' lang='lat' dir='ltr'><strong>op·</strong></span> <span class='ocrx_word' id='word_1_200' title='bbox 848 3648 905 3693; x_wconf 84' lang='lat' dir='ltr'><strong>tero</strong></span> <span class='ocrx_word' id='word_1_201' title='bbox 922 3643 1056 3706; x_wconf 80' lang='lat' dir='ltr'><strong>aliisque;</strong></span> <span class='ocrx_word' id='word_1_202' title='bbox 1076 3644 1157 3694; x_wconf 89' lang='lat' dir='ltr'><strong>bodie</strong></span> <span class='ocrx_word' id='word_1_203' title='bbox 1170 3644 1216 3694; x_wconf 83' lang='lat' dir='ltr'><strong>uix</strong></span> <span class='ocrx_word' id='word_1_204' title='bbox 1232 3645 1293 3709; x_wconf 79' lang='lat' dir='ltr'><strong>digr</strong></span> 
     </span>
     <span class='ocr_line' id='line_1_28' title="bbox 294 3730 1273 3794; baseline 0.012 -21"><span class='ocrx_word' id='word_1_205' title='bbox 294 3730 422 3790; x_wconf 79' lang='lat' dir='ltr'><strong>epeiiotio</strong></span> <span class='ocrx_word' id='word_1_206' title='bbox 442 3731 609 3779; x_wconf 78' lang='lat' dir='ltr'><strong>tribunorum</strong></span> <span class='ocrx_word' id='word_1_207' title='bbox 629 3743 684 3777; x_wconf 88' lang='lat' dir='ltr'><strong>non</strong></span> <span class='ocrx_word' id='word_1_208' title='bbox 701 3744 791 3779; x_wconf 85' lang='lat' dir='ltr'><strong>morae</strong></span> <span class='ocrx_word' id='word_1_209' title='bbox 848 3744 917 3794; x_wconf 82' lang='lat' dir='ltr'><strong>queo</strong></span> <span class='ocrx_word' id='word_1_210' title='bbox 936 3737 1175 3782; x_wconf 87' lang='lat' dir='ltr'><strong>commemoretur.</strong></span> <span class='ocrx_word' id='word_1_211' title='bbox 1214 3734 1273 3784; x_wconf 80' lang='lat' dir='ltr'><strong>n&#39;ec</strong></span> 
     </span>
     <span class='ocr_line' id='line_1_29' title="bbox 295 3819 1282 3883; baseline 0.007 -18"><span class='ocrx_word' id='word_1_212' title='bbox 295 3819 360 3866; x_wconf 74' lang='lat' dir='ltr'><strong>saed</strong></span> <span class='ocrx_word' id='word_1_213' title='bbox 378 3820 475 3867; x_wconf 73' lang='lat' dir='ltr'><strong>auxilii</strong></span> <span class='ocrx_word' id='word_1_214' title='bbox 495 3820 639 3868; x_wconf 69' lang='lat' dir='ltr'><strong>caumata</strong></span> <span class='ocrx_word' id='word_1_215' title='bbox 671 3843 699 3854; x_wconf 89' lang='lat'>-</span> <span class='ocrx_word' id='word_1_216' title='bbox 738 3820 791 3869; x_wconf 83' lang='lat' dir='ltr'><strong>bie·</strong></span> <span class='ocrx_word' id='word_1_217' title='bbox 848 3834 948 3883; x_wconf 88' lang='lat' dir='ltr'><strong>quam,</strong></span> <span class='ocrx_word' id='word_1_218' title='bbox 969 3821 1082 3883; x_wconf 86' lang='lat' dir='ltr'><strong>opinor,</strong></span> <span class='ocrx_word' id='word_1_219' title='bbox 1098 3821 1282 3872; x_wconf 78' lang='lat' dir='ltr'><strong>desideratura</strong></span> 
     </span>
     <span class='ocr_line' id='line_1_30' title="bbox 294 3907 1267 3959; baseline 0.003 -3"><span class='ocrx_word' id='word_1_220' title='bbox 294 3909 344 3956; x_wconf 87' lang='lat' dir='ltr'><strong>rito</strong></span> <span class='ocrx_word' id='word_1_221' title='bbox 363 3907 481 3956; x_wconf 64' lang='lat' dir='ltr'><strong>latonius</strong></span> <span class='ocrx_word' id='word_1_222' title='bbox 498 3909 530 3956; x_wconf 80' lang='lat' dir='ltr'><strong>ad</strong></span> <span class='ocrx_word' id='word_1_223' title='bbox 551 3910 577 3957; x_wconf 91' lang='lat' dir='ltr'><strong>b.</strong></span> <span class='ocrx_word' id='word_1_224' title='bbox 599 3910 616 3957; x_wconf 92' lang='grc' dir='ltr'><strong>Ι.</strong></span> <span class='ocrx_word' id='word_1_225' title='bbox 641 3910 790 3958; x_wconf 78' lang='lat' dir='ltr'><strong>cutientem</strong></span> <span class='ocrx_word' id='word_1_226' title='bbox 850 3907 994 3958; x_wconf 79' lang='lat' dir='ltr'><strong>Garatonii</strong></span> <span class='ocrx_word' id='word_1_227' title='bbox 1007 3910 1192 3959; x_wconf 78' lang='lat' dir='ltr'><strong>coniecturam</strong></span> <span class='ocrx_word' id='word_1_228' title='bbox 1209 3924 1267 3959; x_wconf 86' lang='lat' dir='ltr'><strong>non</strong></span> 
     </span>
     <span class='ocr_line' id='line_1_31' title="bbox 293 3997 1141 4048; baseline 0 -5"><span class='ocrx_word' id='word_1_229' title='bbox 293 3997 437 4046; x_wconf 85' lang='lat' dir='ltr'><strong>tectionem</strong></span> <span class='ocrx_word' id='word_1_230' title='bbox 455 4009 526 4043; x_wconf 85' lang='lat' dir='ltr'><strong>more</strong></span> <span class='ocrx_word' id='word_1_231' title='bbox 548 4012 609 4046; x_wconf 90' lang='lat' dir='ltr'><strong>cum</strong></span> <span class='ocrx_word' id='word_1_232' title='bbox 638 3998 790 4047; x_wconf 86' lang='lat' dir='ltr'><strong>recentiori·</strong></span> <span class='ocrx_word' id='word_1_233' title='bbox 850 4012 900 4048; x_wconf 85' lang='lat' dir='ltr'><strong>nnc</strong></span> <span class='ocrx_word' id='word_1_234' title='bbox 919 3998 1017 4046; x_wconf 64' lang='lat' dir='ltr'><strong>numia·</strong></span> <span class='ocrx_word' id='word_1_235' title='bbox 1035 4011 1141 4048; x_wconf 75' lang='lat' dir='ltr'><strong>causeo.</strong></span> 
     </span>
    </p>
   </div>
   <div class='ocr_carea' id='block_1_5' title="bbox 295 4083 1265 4237">
    <p class='ocr_par' dir='ltr' id='par_1_6' title="bbox 295 4083 1265 4237">
     <span class='ocr_line' id='line_1_32' title="bbox 295 4083 1265 4152; baseline 0.006 -20"><span class='ocrx_word' id='word_1_236' title='bbox 295 4087 343 4132; x_wconf 83' lang='lat' dir='ltr'><strong>buo</strong></span> <span class='ocrx_word' id='word_1_237' title='bbox 361 4086 486 4134; x_wconf 82' lang='lat' dir='ltr'><strong>omnibus</strong></span> <span class='ocrx_word' id='word_1_238' title='bbox 505 4086 670 4147; x_wconf 83' lang='lat' dir='ltr'><strong>repudiauit,</strong></span> <span class='ocrx_word' id='word_1_239' title='bbox 697 4086 789 4149; x_wconf 86' lang='lat' dir='ltr'><strong>proba·</strong></span> <span class='ocrx_word' id='word_1_240' title='bbox 882 4083 926 4135; x_wconf 79' lang='lat' dir='ltr'><strong>idi</strong></span> <span class='ocrx_word' id='word_1_241' title='bbox 954 4086 1011 4148; x_wconf 82' lang='lat' dir='ltr'><strong>Qua</strong></span> <span class='ocrx_word' id='word_1_242' title='bbox 1037 4087 1070 4137; x_wconf 93' lang='lat' dir='ltr'><strong>de</strong></span> <span class='ocrx_word' id='word_1_243' title='bbox 1091 4102 1119 4137; x_wconf 91' lang='lat' dir='ltr'><strong>rc</strong></span> <span class='ocrx_word' id='word_1_244' title='bbox 1140 4089 1203 4138; x_wconf 91' lang='lat' dir='ltr'><strong>uido</strong></span> <span class='ocrx_word' id='word_1_245' title='bbox 1223 4104 1265 4152; x_wconf 78' lang='lat' dir='ltr'><strong>sup</strong></span> 
     </span>
     <span class='ocr_line' id='line_1_33' title="bbox 295 4172 1260 4237; baseline 0.01 -18"><span class='ocrx_word' id='word_1_246' title='bbox 295 4180 347 4219; x_wconf 79' lang='lat' dir='ltr'><strong>tam</strong></span> <span class='ocrx_word' id='word_1_247' title='bbox 367 4173 431 4220; x_wconf 86' lang='lat' dir='ltr'><strong>oiim</strong></span> <span class='ocrx_word' id='word_1_248' title='bbox 454 4172 603 4220; x_wconf 80' lang='lat' dir='ltr'><strong>iiotomnno</strong></span> <span class='ocrx_word' id='word_1_249' title='bbox 619 4179 645 4221; x_wconf 81' lang='lat' dir='ltr'><strong>ot</strong></span> <span class='ocrx_word' id='word_1_250' title='bbox 660 4173 789 4228; x_wconf 76' lang='lat' dir='ltr'><strong>Ferentio,</strong></span> <span class='ocrx_word' id='word_1_251' title='bbox 850 4176 872 4219; x_wconf 90' lang='grc'><strong>1.</strong></span> <span class='ocrx_word' id='word_1_252' title='bbox 896 4189 919 4234; x_wconf 95' lang='lat' dir='ltr'><strong>p.</strong></span> <span class='ocrx_word' id='word_1_253' title='bbox 942 4175 983 4222; x_wconf 71' lang='lat'><strong>2¹0.</strong></span> <span class='ocrx_word' id='word_1_254' title='bbox 1005 4176 1096 4237; x_wconf 82' lang='lat' dir='ltr'><strong>ibique</strong></span> <span class='ocrx_word' id='word_1_255' title='bbox 1116 4182 1209 4226; x_wconf 81' lang='lat' dir='ltr'><strong>notam</strong></span> <span class='ocrx_word' id='word_1_256' title='bbox 1230 4178 1260 4229; x_wconf 53' lang='grc' dir='ltr'>ἦ</span> 
     </span>
    </p>
   </div>
   <div class='ocr_carea' id='block_1_6' title="bbox 0 0 1565 5046">
    <p class='ocr_par' dir='ltr' id='par_1_7' title="bbox 0 0 1565 5046">
     <span class='ocr_line' id='line_1_34' title="bbox 0 0 1565 5046; baseline 0 0"><span class='ocrx_word' id='word_1_257' title='bbox 0 0 1565 5046; x_wconf 95' lang='lat' dir='ltr'><strong> </strong></span> 
     </span>
    </p>
   </div>
  </div>
 </body>
</html>
