3114 5046
445 1270 661 1350 CAPUT
710 1272 755 1348 1.

536 1443 665 1454 -—

272 1581 332 1642 Ite
354 1580 440 1641 turc
461 1591 629 1641 caussae
651 1579 930 1642 caectntanae.

136 1770 260 1832 Praeter
281 1769 527 1832 commentarios
549 1767 754 1832 Editionibus
779 1769 1027 1855 comprehensos
1056 1792 1129 1832 con-

94 1866 230 1935 terantur:

136 1976 169 2037 ln
190 1977 237 2038 M.
274 1973 373 2038 Tullo·
401 1975 559 2038 Ciceronis
579 1997 639 2062 pro
665 1977 709 2038 A.
734 1973 870 2037 Cecinno
892 1975 1070 2037 orationem
1092 1973 1133 2038 de
1198 2004 1202 2012 ·

94 2073 240 2142 interdicto
271 2078 509 2165 recuperatorio
539 2078 635 2140 Unnn
664 2099 698 2140 vr
727 2074 835 2140 Iacobt'
870 2077 1034 2164 Omphalii
1065 2079 1133 2141 An·

93 2174 199 2243 &muci
219 2178 436 2244 Iun'scousulti
457 2179 594 2245 Scholia.

136 2285 172 2348 ln
198 2282 330 2346 eandem
357 2305 417 2370 pro
447 2285 485 2347 A.
521 2282 659 2346 Cecinna
689 2283 865 2346 orationem
895 2284 985 2346 Iocn.
1023 2281 1138 2345 Tirlt'nt'

91 2382 323 2449 Commentarius
345 2385 383 2448 ad
411 2386 462 2450 Ill.
485 2385 663 2470 Principem
686 2385 856 2449 Nicolaum
879 2408 897 2448 a
919 2386 1132 2472 Lotharingia.

136 2490 295 2553 Orationis
324 2510 382 2576 pro
408 2491 447 2552 A.
478 2488 617 2552 Cecinna
642 2492 879 2572 Argumentum
907 2503 940 2549 et
970 2489 1072 2574 capita
1102 2501 1135 2551 et

86 2583 238 2676 dispositio
263 2613 321 2678 per
344 2590 624 2654 Bartholomaeum
651 2591 820 2653 Latomum
846 2588 1069 2672 Arlunensem.

136 2695 208 2757 Tria
240 2695 338 2773 haec,
375 2694 543 2780 separatim
567 2693 655 2779 prius
682 2691 766 2755 edite
796 2715 833 2755 ac
865 2692 981 2779 partim
1004 2707 1132 2756 contex-

79 2800 127 2858 tus
144 2796 386 2861 recensionibus
410 2795 578 2875 adiuncta,
607 2796 640 2857 in
666 2795 764 2859 hocce
794 2794 878 2858 libro
903 2794 1133 2858 inueniuntur:

134 2900 172 2963 In
197 2920 309 2962 omnes
332 2898 377 2965 M.
401 2896 498 2960 Tullii
517 2897 676 2960 Ciceronis
701 2897 878 2979 orationes,
903 2910 984 2982 quot
1004 2897 1134 2983 quidem

68 3011 201 3082 extant,
234 3000 491 3065 doctissimorum
522 3000 667 3063 uirorum
700 2999 962 3080 Lucubrationes,
995 3048 1002 3063 .
1032 3048 1039 3063 .
1065 3048 1072 3061 .
1100 2999 1134 3062 in

64 3112 174 3166 unum
200 3103 355 3167 uolumen
385 3103 553 3183 collectae,
584 3126 619 3166 ac
641 3104 755 3190 partim
778 3103 875 3165 etiam
906 3116 999 3165 antea
1020 3102 1135 3190 partim

60 3212 161 3268 ¹tunc
188 3205 328 3294 primum
364 3207 398 3268 iu
429 3205 534 3268 lucem
569 3204 672 3269 editae
705 3204 762 3269 rel.
792 3204 932 3268 Basileae
965 3206 1054 3268 1539.
1092 3228 1134 3270 tn.

54 3297 272 3396 Septembri,
294 3307 349 3372 fol.
373 3331 404 3395 p.
434 3309 587 3373 tlt-72.
613 3330 643 3394 p.
672 3309 845 3373 itt-224.
871 3329 903 3394 p.
929 3307 1102 3373 1453-84.
1166 3332 1170 3340 ·

136 3413 176 3476 ln
200 3409 337 3475 eandem
356 3433 417 3498 pro
436 3411 478 3474 A.
505 3410 641 3474 Cect‘rma
663 3412 843 3475 orationem
865 3410 958 3474 Petri
978 3409 1138 3474 Pellaarit

49 3510 262 3578 ambasiam
281 3514 547 3584 Commentarius.

136 3618 243 3699 Quem
271 3616 390 3680 librum
426 3638 489 3679 una
518 3638 592 3679 curn
626 3614 845 3701 superioribus
872 3614 975 3677 tribus
1004 3638 1041 3679 ac
1064 3615 1136 3678 bre·

51 3712 219 3782 uioribus
248 3719 439 3805 quibusdam
472 3718 618 3805 Philippi
646 3715 901 3780 Melanchthonar
932 3717 1069 3782 Scholiis
1105 3732 1138 3780 et

57 3807 229 3883 'onclimi
254 3820 430 3885 Camerartt
455 3821 671 3885 Annotatione
703 3820 848 3882 continet
870 3819 951 3882 alius
981 3819 1137 3885 eiusmodi

60 3908 327 4008 disputationum
348 3925 540 4006 thesaurus,
566 3925 610 3988 sic
631 3923 822 4009 inscriptus:

144 4028 180 4089 ln
204 4049 315 4091 omnes
336 4027 382 4090 M.
407 4027 505 4090 Tullo·
525 4027 683 4091 Ciceronis
700 4025 884 4106 Orationes,
909 4043 989 4112 quot
1008 4025 1137 4112 quidem

10 4174 15 4201 ,
77 4136 203 4209 tnant,
244 4129 499 4194 doctissimorum
533 4131 677 4193 uirorum
713 4128 956 4208 Enarrctt'ones,
991 4176 998 4191 .
1023 4177 1030 4190 .
1056 4178 1063 4191 .
1103 4128 1136 4190 in
