3114 5046
522 1162 773 1256 cffliu
801 1163 884 1252 11.

215 1485 273 1547 De
307 1486 501 1548 uarietate
537 1485 715 1549 iectionis
751 1487 793 1547 in
826 1485 1006 1548 oratione
1041 1498 1116 1561 oro
1151 1488 1196 1550 Ρ.

610 1609 800 1690 Quinctio.
1181 1592 1188 1617 ⁸

232 1765 358 1836 Statim
386 1786 408 1834 u
436 1769 600 1854 principio
626 1770 802 1854 praefatus
828 1789 921 1853 sum,
956 1771 1004 1834 ite
1030 1787 1081 1834 me
1108 1767 1239 1835 'l'oiiiu-

184 1909 288 1956 nrrum
310 1892 439 1976 aliquot
466 1890 652 1957 orationum
680 1910 800 1957 nouum
830 1909 942 1958 curum
963 1893 1170 1976 suscepisse,
1201 1896 1238 1957 ut

184 2017 208 2076 et
233 2014 386 2079 criticum
418 2014 602 2079 contextus
629 2014 858 2080 recensionem
889 2017 923 2078 et
951 2032 1060 2078 rerum
1092 2014 1237 2099 ipsorum

183 2134 442 2218 explanationem
469 2152 532 2218 pro
560 2135 688 2200 uiribus
719 2136 802 2200 mels
835 2136 909 2218 pori
938 2135 1051 2200 studio
1083 2153 1125 2202 oc
1158 2133 1238 2201 diii-

181 2256 288 2343 gentiu
308 2255 540 2340 amplecterer.

232 2374 403 2459 Quocirca
425 2397 523 2463 quum
549 2378 584 2442 in
605 2377 834 2462 superioribus
859 2377 926 2442 iilis
947 2379 1237 2444 commentationi-

179 2496 248 2582 bus,
282 2498 508 2585 praeparandi
530 2501 643 2585 operis
663 2517 785 2565 cuussu
805 2499 987 2584 institutis,
1021 2500 1156 2564 nonnisi
1177 2517 1237 2565 cus

178 2617 328 2686 iectionis
354 2623 538 2686 uarietates
558 2621 742 2708 attigerim,
775 2638 860 2706 quoe
889 2637 933 2685 ex
959 2621 1040 2684 iuris
1060 2638 1236 2706 rerumque

177 2743 379 2824 notissimum
404 2742 598 2830 cognitione
625 2740 832 2827 spectandae
859 2758 900 2807 oc
927 2739 1161 2807 diiudicandae
1181 2743 1236 2806 oi-

176 2860 353 2949 derentur‚
382 2880 521 2948 nequnm
548 2881 689 2945 censeo,
722 2863 820 2929 etium
849 2862 1072 2928 subsidiorum
1097 2863 1237 2929 critico-

174 3002 255 3064 rum,
278 3002 367 3070 qune
387 2983 495 3050 adhue
514 2985 722 3074 collegerim,
744 2985 905 3050 rutionern
927 2985 1069 3070 aliquem
1084 2983 1236 3066 reddere,

173 3104 292 3171 deinde
323 3106 484 3171 nonnulle
505 3105 549 3171 ed
571 3110 782 3192 praesentem
808 3108 1033 3194 cognitionem
1054 3107 1149 3171 utilia
1171 3124 1235 3171 ex-

173 3224 302 3310 hibere,
340 3228 436 3291 simui
463 3226 606 3313 denique
634 3231 737 3292 totum
760 3229 944 3292 orationem
965 3228 1083 3294 critice
1104 3229 1235 3292 ratione

172 3348 215 3412 itu
245 3348 471 3436 perlustrare,
504 3351 542 3412 ut
569 3345 611 3412 de
638 3348 804 3414 uarietate
837 3349 992 3415 lectionis
1026 3348 1233 3438 singulorum

173 3468 315 3534 locorum
346 3486 467 3535 caussa
495 3469 687 3554 pierumque
716 3471 901 3534 instruetur
931 3470 1039 3557 magis
1060 3488 1156 3555 quum
1178 3471 1233 3536 iu-

177 3587 312 3656 dicetur.

231 3712 277 3776 ldt
311 3731 410 3797 quum
440 3710 540 3777 Viros
572 3710 692 3778 doctos
720 3713 813 3792 iilos,
849 3714 1012 3798 quotquot
1033 3712 1097 3779 hnc
1118 3716 1396 3778 cetetonem...

182 3832 310 3920 singuiis
332 3831 528 3918 quibusdum
550 3832 649 3898 'l'uliii
672 3834 878 3899 orationibus
901 3836 1072 3924 egregium
1096 3853 1230 3919 operam

186 3958 396 4040 uocauerunt,
436 3972 550 4019 omnes
585 3955 881 4021 animaduerterem
912 3952 1080 4022 Codicum
1100 3975 1229 4021 murru-

190 4080 377 4160 nriptorum
412 4076 536 4142 scrinio
566 4077 766 4164 repetiisse,
807 4076 989 4163 horumque
1025 4078 1229 4161 memorium,
