3114 5046
1062 323 1121 387 251

180 501 374 592 arcebitur]
410 510 604 577 creabitur:
640 509 700 577 Pe.
735 549 777 562 -
812 531 896 578 acer
928 511 1123 579 accrbttnr:
1143 464 1290 575 sciffena

224 625 342 711 Ps.¹²⁶)

60 743 93 830 S·
109 750 162 816 ⁷2.
184 745 358 836 nostrum]
379 760 556 823 nestrum:
579 754 645 842 Pn,
667 755 689 818 Ι.
1185 789 1210 798 -
1268 765 1288 806 ³-
1392 823 1394 826 ,

182 867 371 964 pugnabit]
391 880 584 964 wartonus
607 877 649 942 B.
671 875 744 959 Pb,
766 894 804 956 c,
825 875 866 957 d,
887 876 918 964 f,
940 894 981 965 g,
1003 874 1025 939 b
1048 866 1122 959 (pr.

222 989 307 1083 ru),
329 999 351 1062 i.

181 1119 279 1186 hom·.
310 1119 395 1186 nobb
424 1137 465 1187 co
498 1110 599 1206 poti]
640 1119 726 1186 non.
754 1117 854 1185 nome
888 1123 993 1208 atqrrc
1024 1121 1122 1202 poti:
1184 1151 1206 1162 -
1281 1160 1287 1173 ·

221 1241 283 1308 Ps-
314 1280 356 1293 -
377 1242 474 1308 hom·.
496 1241 581 1309 nobi.
603 1245 707 1328 atque
730 1238 820 1326 poti:
844 1238 901 1326 Pl,
922 1260 962 1304 m.

182 1355 343 1449 quornm]
364 1368 405 1430 nt
426 1383 564 1429 eornm:
586 1363 628 1428 B.
650 1361 719 1446 Pn,
740 1363 777 1446 b,
798 1381 834 1447 c,
857 1361 894 1446 d,
918 1362 947 1450 f,
969 1381 1010 1450 g,
1031 1361 1071 1445 h,
1092 1363 1121 1445 t,

221 1487 252 1576 Ι,
274 1505 323 1573 m,
344 1504 377 1550 n.
397 1524 440 1535 —
459 1491 502 1552 nt
523 1503 684 1576 mmm:
706 1483 767 1550 Pe.

180 1596 400 1687 consessum]
422 1625 644 1675 comessum:
679 1606 719 1671 B.
740 1604 808 1690 Pu,
830 1607 867 1694 b,
889 1624 924 1693 c,
948 1604 985 1690 d,
1006 1624 1025 1671 e
1047 1597 1120 1690 (pr.

221 1719 286 1811 m.)
307 1729 338 1816 f,
358 1748 399 1817 g,
422 1731 449 1817 i,
469 1728 498 1817 Ι,
520 1748 562 1792 m.
583 1767 624 1780 -
648 1728 716 1794 Pro
738 1732 791 1817 et,
821 1726 910 1813 quod
932 1726 1120 1813 praecedit,

220 1848 347 1917 babent
367 1854 491 1940 atarto:
513 1847 579 1935 Pa,
601 1868 631 1916 e.

180 1991 247 2037 non
268 1963 390 2054 modo]
411 1977 452 2037 nt
474 1990 542 2036 non
564 1970 676 2037 modo:
698 1969 766 2053 ΡΙ),
788 1988 825 2055 c,
848 1969 886 2053 d,
908 1989 947 2057 e,
964 1990 998 2059 g.

180 2094 289 2180 quiuis
310 2094 366 2178 qui
388 2083 510 2174 extre]
533 2093 642 2177 quiuis
662 2096 788 2158 ectra:
810 2091 881 2158 nm.

79 2203 156 2287 §.iit
177 2219 212 2279 tu
233 2219 354 2281 contre
375 2204 558 2295 Alfenum]
581 2218 621 2280 tn
642 2210 830 2298 Alfenum:
853 2212 915 2279 Pk.

178 2325 396 2414 uelitnbsris]
418 2335 619 2425 eqnuabas:
643 2331 779 2402 Omnes.

177 2475 221 2524 ne
250 2458 308 2523 ubi
336 2458 538 2525 consisteret
566 2447 721 2542 quidem]
754 2475 798 2522 ne
824 2457 892 2523 stbt
916 2460 1118 2526 consisteret

220 2578 372 2665 quidem:
397 2576 461 2667 ng.
483 2618 522 2630 -
546 2579 683 2668 qntdem
705 2577 802 2644 deest
823 2579 857 2642 in
879 2577 950 2645 Ρη).

178 2689 330 2781 docens]
351 2701 494 2765 doceat:
518 2698 587 2782 Pb,
611 2717 648 2785 c,
669 2699 708 2780 d,
726 2719 764 2788 g.

321 324 364 394 in
389 323 562 396 cratim
584 344 658 420 pro
686 320 874 409 Quindio.

87 2995 145 3062 m)
163 2997 220 3049 Alii
232 2996 312 3048 multi
323 2993 556 3062 (interquosFac-
612 3011 664 3048 usu
681 2998 817 3048 sermonis
830 3010 891 3048 cnm
918 2999 1004 3049 uerbo
1019 2998 1119 3049 arcebi-

59 3084 191 3153 oiotutus),
218 3101 251 3139 ox
275 3087 435 3148 codicibus,
454 3085 494 3135 uti
515 3085 555 3135 ui·
613 3092 659 3136 tar
672 3087 824 3146 contineri;
840 3086 1119 3138 Oretttnrstlssotzs‘ns

57 3176 145 3240 detur,
159 3180 320 3227 arcessatur.
342 3175 468 3235 Sensum,
482 3174 555 3225 baud
612 3180 765 3227 tacuerunt.
781 3201 812 3212 -
831 3176 936 3226 liantus
948 3175 968 3226 l.
981 3175 1000 3225 Ι.
1011 3191 1037 3239 p.
1051 3175 1116 3226 85.=

55 3265 128 3317 iubis
149 3279 185 3318 ex
208 3279 233 3316 e.
255 3265 283 3316 9.
304 3278 343 3315 vs.
380 3263 454 3314 Iliad
475 3263 556 3314 ctiam
614 3265 792 3325 «arcebitur,
826 3265 844 3315 Ι.
871 3278 897 3314 e.
929 3264 1115 3328 coercebitur,

54 3358 182 3406 restiterat
196 3354 393 3417 repetendum,
414 3357 488 3403 recto
500 3350 556 3401 Ho-

54 3447 172 3493 tomanus
196 3442 331 3493 defluiuit.
375 3440 415 3491 Dc
438 3441 556 3492 lectione

55 3528 216 3582 Garatonias
240 3530 318 3581 docto
344 3542 378 3579 uc
408 3530 557 3593 prudenter

56 3622 84 3670 uti
108 3619 216 3670 adsolet
240 3618 379 3669 disseruit.
416 3616 557 3669 Areebttnr

57 3709 192 3759 ediderunt
199 3707 337 3766 limatas,
348 3705 469 3766 Boetius,
478 3706 556 3755 Scint-

59 3798 129 3851 bins,
156 3796 289 3850 Orsliius,
314 3794 448 3845 Klotztnt.
485 3795 556 3857 Quo·

61 3897 109 3936 nur
132 3887 238 3951 priores
260 3882 339 3950 (qnos
363 3886 446 3935 etiam
474 3882 557 3946 Wolf-

63 3972 98 4032 ΙΙ)
115 3982 222 4027 secutus
244 3972 296 4039 est)
317 3974 480 4025 sententiam
502 3973 555 4025 ioci

66 4072 108 4111 nou
119 4065 319 4125 intellexeruut;
329 4063 467 4112 Sebdtzr'ns
476 4063 553 4113 inici·

614 3354 771 3417 «augustiis
784 3354 914 3417 temporis
923 3354 1116 3416 concludetur,

614 3448 668 3493 «ut
687 3444 757 3493 intre
771 3449 876 3493 certum
890 3449 996 3507 tempus
1009 3449 1117 3494 seuten-

614 3534 674 3581 stia
701 3533 726 3582 ei
752 3533 867 3582 dicenda
890 3533 935 3582 sit.
972 3532 1117 3597 Antiquius

614 3620 731 3671 «Cicero
750 3621 867 3684 simplici
886 3622 971 3671 norbo
989 3635 1054 3671 usus
1076 3628 1118 3673 est

614 3723 685 3772 apro
704 3710 882 3773 composito.»
919 3711 971 3761 Sed
991 3711 1116 3773 uixerit,

613 3803 644 3847 ut
670 3798 750 3848 fidem
777 3797 858 3847 saciat
886 3799 960 3849 bisce
986 3801 1117 3864 exemplis

613 3887 686 3935 suis:
705 3886 843 3935 Somnium
860 3886 931 3950 Scip.
952 3903 976 3939 c.
993 3888 1021 3939 4.
1060 3889 1116 3938 Vir·

614 3976 660 4039 qil.
681 3973 747 4023 Aen.
767 3975 810 4036 ΙΙ,
842 3976 904 4026 406.
948 3977 1034 4028 t'ctlct'.
1055 3979 1115 4031 Par.

614 4064 660 4125 ΙΙ,
688 4065 731 4114 ΙΙΙ.
751 4070 779 4114 ct
797 4065 827 4115 Ι..
849 4065 875 4115 2.
896 4063 924 4129 Β.
945 4066 972 4116 8.
1010 4067 1116 4131 siquis

68 4144 238 4217 texitquidem,
252 4159 279 4206 st
288 4167 385 4218 parum
396 4152 505 4211 docuit,
520 4166 552 4202 ex
610 4153 789 4204 cautionibus.
