3114 5046
340 416 383 482 oo
448 390 543 493 Cap.
557 392 592 468 1.
624 389 706 468 ¹Dc
730 397 817 469 iure
848 417 1008 469 caussae
1034 393 1297 481 Quinctianae.

171 578 251 674 „gfff”
270 579 321 618 ³²¹⁶·
339 585 439 650 ctiam
469 584 660 669 partitionis
686 585 763 672 iege
788 583 966 673 distingui,
996 602 1102 669 eaque
1124 585 1253 648 ratione
1275 602 1363 668 quae
1385 603 1406 647 a

339 705 543 790 postulantis
565 724 709 790 persona
731 707 959 787 requirantur,
988 709 1104 791 prima
1125 711 1246 792 purte,
1275 723 1362 790 quae
1383 721 1406 768 a

338 825 476 904 domini,
499 827 615 891 attero
636 828 812 893 contineri.

402 945 500 1030 Quod
522 951 575 1013 ius
594 951 624 1013 si
645 966 718 1014 cum
745 947 887 1034 Uiptorrt
901 946 1095 1035 supradicto
1111 949 1301 1037 fragmento
1317 965 1405 1013 con-

337 1069 445 1154 feras,
467 1088 505 1134 re
521 1069 650 1155 quidem
666 1071 797 1134 omnino
812 1071 900 1134 inter
914 1088 953 1133 sc
972 1074 1178 1157 congruunt,
1201 1070 1306 1153 ipsius
1320 1087 1404 1132 uero

336 1191 447 1257 Edisti
475 1192 582 1257 forma
610 1194 712 1277 atque
739 1193 915 1276 conceptio
940 1190 1003 1257 boc
1024 1186 1197 1257 Ciceronis
1218 1193 1333 1255 aetate
1356 1193 1404 1253 ita

336 1314 444 1402 magis
465 1311 599 1377 uidetur
620 1316 813 1397 comparata
841 1312 964 1398 fuisse,
996 1316 1049 1395 ut,
1079 1331 1163 1397 quse
1191 1310 1235 1376 ad
1261 1312 1404 1376 aiteram

335 1435 424 1499 iiiam
451 1439 579 1519 purtem
620 1436 827 1519 pertinerent
857 1452 1099 1518 personamque
1128 1432 1290 1498 debitoris
1318 1451 1403 1518 spe-

335 1559 478 1642 ctarent,
502 1557 637 1640 proprio
649 1557 706 1620 ilio
721 1558 832 1640 capite
847 1556 949 1620 latius
964 1557 1231 1639 exponerentur,
1253 1573 1293 1619 ca
1309 1574 1404 1637 uero,

336 1695 420 1763 quae
448 1680 551 1761 priori
580 1681 677 1762 purte
703 1679 917 1743 continentur
945 1667 1097 1757 (scilicet
1127 1675 1319 1760 postulandi
1350 1678 1405 1740 ius

335 1800 467 1864 nonnisi
490 1796 729 1886 creditoribus,
751 1802 785 1862 et
808 1799 864 1883 qui
876 1796 1077 1862 creditorum
1094 1799 1170 1862 ioco
1186 1796 1402 1879 haberentur,

333 1911 558 2006 competere),
580 1920 689 1985 obiter
711 1921 834 2006 magis,
856 1919 1073 2004 inscriptione
1095 1919 1243 1983 fortasse
1259 1918 1401 2003 quadam

333 2044 442 2108 alioue
464 2041 579 2124 modo,
602 2042 704 2107 tacite
725 2039 798 2105 iere
812 2040 867 2105 uei
886 2058 947 2123 per
963 2040 1103 2107 iudicem
1119 2039 1401 2129 significarentur.

332 2161 432 2228 Unde
455 2163 598 2250 intelligi
617 2164 745 2246 potest,
766 2161 929 2246 quomodo
944 2160 1121 2242 acciderit,
1145 2163 1230 2226 utin
1246 2165 1402 2227 oratioue

334 2302 395 2368 pro
419 2279 575 2364 Quinctio
596 2282 728 2366 habita,
757 2301 843 2367 quac
864 2283 1030 2349 debitoris
1060 2302 1235 2370 personam
1258 2288 1402 2367 specta-

329 2408 422 2484 rent,
456 2405 636 2488 praecipuo
664 2407 766 2488 atque
787 2402 857 2464 κατ’
881 2400 996 2479 ἐξοχὴν
1018 2403 1147 2470 iddtcto
1169 2405 1401 2470 attribueren-

332 2530 402 2606 tur,
425 2542 532 2610 eaque
554 2528 668 2610 parte,
690 2543 755 2609 qus
777 2527 964 2611 quaeritur,
986 2525 1076 2590 bona
1098 2545 1145 2590 ec
1161 2523 1293 2590 Edicto
1313 2545 1401 2613 poa-

330 2647 439 2712 sidcrt
476 2649 657 2731 potuerint
689 2664 813 2726 rtecnc,
858 2645 1237 2732 comprehenderentur,
1279 2650 1401 2713 contro

330 2771 442 2833 autem
470 2768 543 2850 iiia,
578 2785 664 2852 quae
691 2765 735 2831 sd
764 2770 816 2832 ius
843 2767 961 2832 crediti
984 2767 1229 2852 uadimoniique
1251 2766 1400 2848 deserti,

330 2887 473 2974 denique
488 2887 532 2953 ad
550 2889 763 2971 postulantis
776 2906 962 2973 personum
979 2891 1204 2977 pertinerent,
1226 2890 1269 2953 ab
1286 2889 1399 2956 Edicit

330 3008 576 3094 disceptatione
592 3013 859 3088 secernerentur,
875 3011 1075 3094 propriaque
1091 3013 1204 3100 parte,
1220 3031 1304 3095 qus,
1315 3031 1400 3077 itum

330 3134 444 3195 actori
464 3129 669 3215 postulandi
689 3149 815 3195 camos
828 3127 974 3218 ficisset,
998 3134 1234 3214 quaereretur,
1256 3133 1400 3199 conclu-

329 3249 499 3315 derentur.

392 3407 456 3472 His
477 3408 580 3496 igitur
603 3411 790 3492 perspectis
812 3408 962 3474 omnibus
989 3410 1079 3475 iaciii
1102 3414 1241 3499 negotio
1269 3415 1401 3478 inteili-

328 3532 446 3613 getur,
468 3546 563 3613 quam
587 3528 674 3593 islsa
695 3532 739 3593 sit
764 3527 957 3613 supradicta
981 3532 1093 3615 opinio
1115 3534 1399 3615 existimantium,

328 3648 548 3713 uadimonium
572 3646 738 3713 desertum
767 3664 828 3713 sua
858 3652 889 3712 ui
912 3669 952 3715 ac
975 3655 1161 3737 potestate,
1198 3671 1311 3739 neque
1332 3657 1399 3720 alia

328 3787 365 3833 re
389 3771 455 3834 uiis
477 3771 735 3853 superueniente
763 3774 822 3834 aut
844 3770 970 3835 Naeuio
1000 3777 1057 3836 aut
1081 3776 1213 3838 omnino
1244 3780 1398 3862 cuiquam

328 3888 480 3954 idoneam
512 3889 671 3954 bonorum
701 3889 976 3976 possidendorum
999 3910 1150 3958 caussam
1181 3898 1399 3982 praebuisse,

328 4028 436 4094 neque
466 4008 690 4091 dubitabitur,
729 4013 823 4096 quin,
858 4011 914 4076 ubi
944 4033 987 4077 ex
1016 4019 1160 4099 quatuor
1189 4017 1255 4082 iliis
1285 4019 1398 4086 Edisti

329 4133 460 4195 caussis
482 4128 573 4191 nutis
595 4134 793 4215 accesserit,
821 4133 867 4212 is,
889 4135 941 4197 cui
965 4133 1183 4199 uadimonium
1206 4138 1311 4203 iuerit
1336 4141 1399 4205 de-

329 4255 472 4335 sertum,
509 4268 605 4332 quum
641 4252 673 4312 in
707 4253 759 4315 ius
792 4253 933 4318 uocandi
971 4253 1154 4321 aduersarii
1192 4263 1397 4342 potestatem
