3114 5046
427 339 470 410 in
495 339 668 412 erutione
691 360 764 438 pro
793 333 980 422 Quinctio.
1173 335 1236 400 213

172 520 208 610 §-
232 525 282 592 15.
302 527 392 592 inter
411 545 450 593 ee
472 517 597 609 muita]
618 527 732 594 muita
751 532 847 593 inter
866 544 922 593 se:
944 525 986 592 Β.
1007 523 1071 592 Pd.
1254 485 1404 598 μῖῗιιιι.

299 653 335 715 et
357 648 399 715 de
420 638 517 730 tute]
539 649 647 739 deque
667 648 731 714 illa
754 649 842 713 tois:
870 644 935 714 Pis.
1297 670 1323 683 -
1371 650 1405 697 ¹2

299 762 446 851 debere]
468 771 627 837 deberet:
650 768 719 859 ng,
741 768 779 854 h,
802 769 830 854 i,
853 788 885 834 n.
1297 795 1325 808 ·-
1369 773 1404 819 ¹⁴·

300 881 562 977 aliquantulum]
597 890 835 979 attestantem:
872 889 938 974 Pu,
960 891 1001 972 b,
1021 907 1061 977 e,
1086 888 1126 976 d,
1148 908 1184 975 e,
1205 890 1235 976 1,

341 1035 384 1101 g,
405 1012 446 1101 h,
467 1015 478 1076 i
485 1059 495 1096 ‚
517 1032 564 1099 m,
586 1031 619 1078 n.

300 1125 496 1222 pecuniam]
517 1139 687 1221 pecunia:
709 1132 767 1220 Pi,
789 1154 830 1199 m.

299 1259 335 1322 in
357 1247 490 1338 Gellia]
511 1261 550 1323 in
574 1253 752 1326 Gallium:
775 1255 834 1323 Pe.

180 1374 210 1459 S.
227 1378 277 1444 16.
298 1397 371 1445 eum
392 1398 425 1444 n.
446 1381 467 1443 1.
490 1397 518 1445 e.
541 1369 665 1465 pesse]
687 1397 766 1444 enm
786 1398 821 1443 n.
841 1380 862 1442 1.
884 1396 913 1445 e.
934 1384 1072 1466 posset:
1094 1377 1154 1446 Pe.
1301 1417 1325 1429 -

301 1520 386 1588 quae
409 1490 688 1587 proseriuslsset]
721 1520 786 1589 quo
809 1502 1082 1587 prescripsimet:
1109 1499 1152 1566 Β.
1172 1498 1238 1587 Pa,
1302 1531 1328 1542 -

341 1623 437 1709 b,e,
459 1621 497 1707 d,
519 1622 548 1708 i,
570 1643 612 1712 g,
633 1622 674 1707 h,
695 1624 723 1709 i,
744 1620 786 1709 k,
807 1623 836 1708 l,
857 1642 904 1710 m,
925 1642 958 1688 n.

300 1733 467 1825 seusun]
489 1744 622 1810 eene:
644 1743 705 1826 ne,
727 1745 749 1809 ι.

300 1864 388 1931 uelle
409 1866 524 1932 iecere
546 1856 702 1948 desistit]
736 1863 857 1950 faeere
877 1864 968 1932 uelde
993 1865 1150 1933 destitit:
1173 1863 1236 1930 Pk.
1301 1888 1325 1901 -

301 1986 439 2053 Romam
460 1979 578 2069 simui]
600 1987 706 2053 simul
727 1975 903 2054 Rumam:
917 1986 977 2054 Pe.
1301 2022 1325 2033 -
1399 2029 1405 2039 ·

200 2095 226 2182 S·
238 2104 278 2171 17.
297 2098 444 2190 decidit]
470 2107 650 2175 deciditur:
690 2109 731 2195 Β.
753 2109 815 2175 Pn.
841 2148 879 2159 -
901 2111 942 2176 ln
963 2108 1025 2175 ΡΙ).
1045 2107 1089 2176 ud
1109 2110 1237 2200 mergi·
1300 2135 1324 2146 -

341 2249 431 2296 nem:
457 2230 581 2296 «Alius
602 2231 807 2297 deciditur-¹

301 2340 525 2433 dissolueret]
547 2352 816 2419 dissolveretur:
838 2351 901 2420 Pn.

301 2465 489 2564 agebatur]
511 2474 716 2562 onustatur:
750 2476 792 2544 B·
813 2474 882 2561 Pa,
903 2476 942 2560 b,
964 2493 999 2565 e,
1021 2475 1060 2563 d,
1080 2474 1113 2561 1,
1133 2495 1176 2565 g,
1196 2473 1238 2557 h,

343 2600 371 2679 i,
392 2598 420 2681 i,
440 2615 474 2661 n.

302 2709 503 2802 deberetur]
525 2718 683 2784 deteret:
707 2718 769 2784 Pk.

301 2841 344 2906 ud
366 2830 540 2920 Castoris]
573 2860 596 2905 a
619 2839 878 2929 queaeetosidus:
913 2837 971 2904 Pe.
992 2875 1032 2887 -
1055 2838 1104 2902 ud
1127 2855 1236 2927 quae-

342 2968 477 3028 stores:
500 2960 562 3027 Pk.
580 2999 623 3011 —
643 2963 692 3028 ud
712 2965 907 3051 neueetoris
929 2959 1111 3046 temptum:
1134 2952 1237 3036 Pn³⁰).

302 3083 444 3150 Decidis
459 3129 562 3149 .....
578 3074 797 3165 solueretur]
820 3083 952 3149 Desunt
977 3083 1011 3146 in
1032 3080 1095 3146 Pk.

303 3206 381 3293 quid
402 3196 466 3288 iis]
488 3205 570 3296 qnid
591 3204 665 3271 itis:
688 3203 748 3291 Pl,
769 3225 810 3269 m.

633 3415 717 3504 Cup.
746 3419 781 3485 ὅ.

199 3566 225 3653 S.
239 3577 282 3645 18.
303 3581 332 3646 ei
354 3569 450 3661 eius]
471 3598 509 3645 se
531 3579 619 3645 eius:
641 3577 704 3645 Pk.

304 3705 404 3786 utque
426 3702 490 3766 sibi
511 3691 589 3780 hie]
612 3707 717 3791 atque
738 3698 814 3766 die:
837 3696 949 3772 Pk³¹).

303 3813 499 3904 annuisset]
521 3823 745 3888 admisisset:
768 3821 808 3885 Β.

223 4089 258 4154 it)
276 4090 354 4143 Geni.
373 4090 490 4143 disistit
507 4091 561 4142 1.1.
577 4090 679 4154 putu.
737 4089 816 4140 uncie
843 4089 966 4147 inclusit,
993 4085 1131 4142 tenestem
1148 4090 1238 4150 eiecit,

225 4176 259 4243 ³1)
276 4181 341 4232 'iria
374 4181 422 4232 illu
456 4180 541 4232 uerba
570 4177 681 4232 Boetius
739 4178 853 4230 Oreiiim
882 4192 946 4230 eum
977 4175 1084 4231 Klotzio
1118 4178 1237 4231 retinuit.
