3114 5046
797 854 835 942 S.
856 856 893 924 3.

313 1020 609 1102 Quemadmodum
638 1018 782 1104 differat
808 1018 1035 1084 identitatem
1061 1017 1152 1105 arrad
1180 1017 1306 1083 dicuat
1334 1017 1377 1082 de

732 1144 770 1205 ati
798 1143 950 1204 arenata.

374 1263 527 1330 Alteram
550 1262 592 1328 de
615 1264 647 1326 ui
670 1260 900 1344 interdictum,
924 1260 1071 1344 -proprio
1093 1278 1153 1355 sao
1177 1261 1314 1325 nomine
1336 1259 1377 1323 de

310 1391 348 1453 ut
376 1385 572 1455 laminellae
600 1386 733 1449 coactio
762 1384 957 1447 arntatleue
978 1374 1243 1468 appeliatum),
1271 1380 1377 1445 attin

310 1507 433 1574 Edicto
464 1523 526 1590 per
555 1504 657 1570 hosce
687 1504 815 1588 aliquot
836 1519 945 1567 annos
967 1506 1041 1565 erat
1063 1503 1296 1587 propositum,
1332 1503 1379 1566 ila

309 1629 388 1696 irnie
410 1645 571 1708 caussae,
601 1643 687 1710 qaae
712 1625 802 1689 inter
822 1621 1000 1689 Caecinam
1022 1626 1056 1687 et
1078 1621 1264 1688 Aebutium
1287 1641 1375 1712 age-

306 1751 428 1834 batur,
464 1749 556 1814 nulla
581 1744 756 1812 readdita
778 1743 974 1810 detractaae
996 1741 1283 1818 accommodatum
1307 1744 1379 1809 fait.

311 1869 531 1954 Quamobrem
565 1887 632 1933 ana
664 1885 768 1952 opera
800 1868 835 1930 et
877 1862 988 1930 Ediati
1026 1869 1061 1930 et
1101 1863 1202 1929 iraias
1235 1883 1379 1932 caussae

311 1993 485 2059 iormuian
515 1989 782 2074 explorabintus:
815 1984 978 2072 siquidem
1008 1987 1121 2070 piacet
1149 1985 1216 2052 hoe
1248 2006 1380 2074 quoque

311 2116 388 2181 ioao
418 2114 512 2198 priua
540 2107 782 2197 deformatio,
814 2111 935 2192 postea
963 2105 1006 2172 de
1031 2111 1121 2173 lotia
1150 2111 1297 2175 ratiatte
1329 2108 1385 2173 tii-

312 2236 456 2319 spicere.

375 2393 495 2478 Itaque
518 2389 711 2475 postulante
734 2383 890 2453 Gaeeltta
912 2386 1048 2453 uidetur
1066 2386 1256 2454 Dolabella
1272 2389 1408 2456 Prae-

312 2516 367 2579 tor
388 2515 421 2578 in
443 2499 532 2578 hune
555 2508 684 2576 modun
706 2508 943 2574 interdixisse:

373 2669 473 2738 Uno:
493 2688 556 2752 ra,
589 2664 672 2736 Sex.
702 2668 852 2748 Anauni,
885 2686 953 2732 nur
983 2688 1128 2734 rnrrrnrn
1150 2689 1224 2737 aur
1246 2691 1410 2737 ottoca-

374 2812 491 2858 aaron
512 2809 600 2857 ruas
621 2788 665 2855 Α.
685 2785 868 2855 Generosos
890 2807 960 2854 aar
989 2810 1161 2857 rantaratr
1190 2812 1263 2859 eur
1296 2813 1410 2859 noo-

346 3059 372 3127 i)
397 3063 537 3114 Breuitatis
565 3062 653 3112 studio
675 3067 756 3125 atque
783 3073 814 3112 er

311 3164 436 3212 auseae,
466 3164 518 3213 qua
540 3151 573 3202 de
593 3154 693 3213 agitur,
722 3156 814 3201 natura

311 3242 338 3290 io
356 3240 406 3289 hae
425 3243 544 3290 oratione
567 3239 707 3301 aliquoties
727 3239 816 3300 appel-

310 3327 379 3378 iatur
408 3326 576 3378 interdictum
609 3327 640 3375 de
670 3327 816 3377 nominibus

310 3417 425 3466 aemma
449 3429 496 3466 eeu
517 3415 549 3462 de
572 3417 683 3464 armatis
706 3416 817 3464 lamini·

311 3502 376 3562 lut,
404 3502 487 3552 ueiuti
510 3504 536 3551 in
557 3514 581 3551 a.
606 3500 650 3550 31.
674 3509 759 3560 ertr.;
790 3510 817 3555 et

310 3591 432 3641 similiter
444 3593 470 3639 io
485 3603 508 3640 e.
519 3589 546 3640 8.
559 3597 624 3641 extr.
638 3593 676 3640 sie
687 3590 815 3641 habetur:

312 3679 444 3729 «Praetor
464 3678 614 3738 interdixit,
643 3685 673 3729 ut
698 3685 737 3730 eet
756 3692 817 3730 eon-

312 3768 465 3827 «suetudo.
494 3769 526 3816 de
545 3769 574 3817 ai
599 3761 747 3817 nominituo
773 3784 817 3818 ar·

312 3857 448 3905 amatis.»
469 3855 567 3906 Contra
579 3858 667 3906 statim
682 3858 707 3905 io
718 3869 742 3906 e.
753 3855 815 3907 82:

312 3943 483 4005 «nuoitotter
499 3946 617 3996 homines
641 3945 815 4005 adiciuntur,

312 4037 382 4082 «aut
401 4034 457 4083 sine
482 4035 580 4083 eoactia
602 4037 748 4084 armatisve
774 4034 818 4082 ito·

312 4119 447 4169 «minitat
465 4127 511 4171 aut
529 4134 578 4182 per
590 4123 720 4173 eiusmodi
740 4127 820 4172 ratio·

312 4220 396 4258 «nem
415 4214 495 4272 atoue
509 4213 598 4260 uim.»
636 4210 712 4272 Quae
734 4213 819 4265 uerita

871 3062 950 3110 etiam
971 3061 1142 3120 confirmant,
1175 3061 1251 3124 quod
1276 3060 1408 3114 aerim·

872 3161 914 3198 me
933 3148 1060 3198 Sauiaiae
1079 3145 1107 3212 (Ι.
1122 3149 1140 3198 Ι.
1154 3161 1183 3211 p.
1197 3149 1276 3216 508.)
1296 3152 1400 3202 adam

872 3240 949 3295 nuit,
976 3249 1037 3287 eaeu
1057 3240 1139 3301 magis
1159 3250 1292 3301 quatuor
1313 3241 1391 3291 certa

873 3326 935 3375 artie
960 3340 1009 3377 usu
1036 3327 1225 3388 quotidianum
1250 3328 1317 3379 illud
1338 3336 1383 3376 aa

872 3427 950 3474 men,
972 3428 1025 3477 quo
1044 3421 1100 3464 tum
1116 3415 1226 3480 uulgare
1246 3417 1281 3467 de
1301 3419 1327 3465 ui
1341 3417 1375 3462 ln·

873 3503 1034 3561 teramum,
1054 3509 1110 3552 tum
1124 3507 1181 3564 ute,
1202 3518 1273 3569 quae
1287 3505 1318 3555 td
1330 3504 1369 3552 too

873 3592 1006 3652 pertinet,
1020 3592 1046 3641 in
1060 3590 1087 3639 ti.
1103 3604 1124 3641 e
1142 3590 1188 3643 31.
1203 3599 1231 3646 et
1239 3593 1285 3642 aa.
1297 3591 1362 3643 uerit

872 3692 888 3728 a
917 3679 1039 3728 cicerem
1066 3683 1201 3741 usurpari.
1246 3677 1359 3733 contio

875 3767 981 3817 Verrem
996 3768 1019 3829 l,
1034 3768 1077 3818 19.
1108 3767 1203 3820 «Nihil
1223 3782 1284 3820 aum
1300 3768 1359 3817 vent

875 3856 930 3907 ade
952 3858 1118 3921 quotidianis
1139 3859 1294 3908 arimlailttt
1308 3856 1358 3906 aaa·

875 3959 941 3995 true
968 3959 1059 3996 sum.»
1096 3957 1148 4008 pro
1175 3946 1263 3995 Tullia
1288 3957 1308 3995 c·
1326 3933 1356 3987 5⁸·

876 4035 938 4097 «agi
957 4033 1069 4099 quidem
1083 4038 1181 4084 usitato
1201 4038 1259 4085 iure
1276 4035 1300 4084 el
1314 4033 1358 4090 w

877 4124 1004 4173 ‹ttidlatta
1022 4127 1128 4175 actione
1146 4126 1273 4185 potuit»,
1301 4124 1322 4169 et
1339 4105 1362 4157 ἰὰ

877 4214 903 4262 h·
925 4212 943 4261 i.
964 4211 1122 4264 Hmeltiatt.
