3114 5046
58 340 146 428 37.
171 338 236 414 Aa
258 336 326 428 θ’.
344 338 533 414 abundem
549 348 653 416 reete
669 338 880 440 defenderit
895 362 1022 417 mute.
1061 341 1122 406 tto

57 548 212 617 oususse3
234 527 431 597 Praetorem
454 527 663 615 decreuisse,
686 532 843 618 iussisse3
868 530 1011 617 demque
1033 532 1123 597 illum
1157 540 1246 580 Μίαν·
1186 551 1293 638 mp-

58 652 210 718 tribunos
254 652 363 737 plebis
405 654 632 739 appellauisse
646 646 695 731 ²⁵).
752 649 840 734 Quid
871 645 1002 718 multa?
1038 651 1123 720 haec
1142 598 1231 695 '’A‘'
1200 661 1289 696 Μ

59 775 165 838 onnia
187 775 339 859 quamdin
359 792 469 860 neque
491 793 557 840 uno
579 773 634 840 die
656 791 765 859 neque
788 775 969 860 tranquillo
992 791 1126 859 semper

59 896 226 960 usitatoue
256 895 339 960 turis
366 894 484 961 ordine
514 899 777 985 peragerentur,
806 895 865 959 uix
891 897 1002 961 tumen
1024 894 1125 962 dubi-

59 1020 127 1082 tura
148 1016 252 1102 lieet,
284 1017 364 1101 quin
391 1021 490 1083 intro
512 1022 662 1104 triptota
683 1018 759 1083 dleo
781 1035 823 1083 ex
845 1036 911 1103 quo
933 1016 1083 1083 Naeuius
1102 1035 1126 1082 u

60 1138 222 1204 Praetore
243 1139 355 1204 iussus
370 1138 458 1204 bona
473 1137 648 1224 possidere
662 1156 704 1204 ao
718 1138 930 1224 proscribere
944 1139 1126 1224 coepisset,

61 1278 95 1325 eo
122 1277 184 1325 res
213 1259 436 1345 processerit,
467 1262 504 1324 ut
535 1259 681 1325 Alienus
710 1258 878 1326 satisdare
899 1278 973 1327 oum
993 1260 1038 1326 ab
1058 1258 1125 1325 ad-

62 1382 208 1447 uersario
229 1380 458 1466 postularetur
479 1382 548 1445 tum
570 1398 592 1446 u
612 1380 778 1447 Praetore
801 1381 972 1447 iuberetur
984 1375 1034 1461 26).

116 1500 217 1585 Quae
239 1521 336 1588 quun
358 1504 408 1568 ita
428 1504 514 1589 sint,
537 1520 623 1588 quae
644 1504 731 1568 ratio
754 1506 807 1568 est
828 1502 984 1584 eredere,
1006 1521 1049 1568 ex
1066 1503 1125 1568 illa

64 1624 218 1705 formula,
247 1621 349 1706 Quod
375 1623 420 1689 ud
449 1642 489 1689 eo
511 1628 628 1713 petat,
662 1628 761 1690 cuuto
782 1643 830 1690 eo:
851 1623 983 1690 Edicto
1005 1621 1123 1690 Proe-

62 1751 143 1812 torto
163 1745 259 1812 hortu
279 1764 355 1810 nors
377 1764 539 1810 rurornrn
561 1763 723 1831 possessu
744 1750 877 1834 essen,
903 1745 1064 1811 Naeuium
1085 1749 1124 1821 ut
1186 1729 1189 1738 ⁵

63 1866 207 1934 Alienus
227 1865 429 1953 satisdaret,
457 1858 712 1953 postulauusei
743 1864 851 1932 Porro
873 1870 911 1932 ut
931 1869 980 1933 ita
1003 1871 1124 1952 postu-

62 1988 196 2073 luuerlt,
233 1989 291 2073 qui
323 1990 437 2072 potest
471 1988 633 2077 intelllgi,
667 2006 777 2074 neque
811 1985 980 2074 Alfenum
1014 2007 1123 2075 neque

62 2105 266 2176 &seruirent
287 2128 403 2176 uooem
424 2127 521 2174 unam
544 2110 710 2192 emisisse,
747 2127 812 2196 qua
833 2109 974 2199 triginta
996 2109 1122 2176 dierum

59 2233 200 2318 spatium
238 2234 387 2316 elapsum
423 2249 500 2298 esse
535 2234 718 2320 negarent,
754 2231 798 2297 ob
835 2249 972 2317 eamque
1003 2234 1124 2298 saltem

57 2371 211 2420 caussam
249 2344 368 2434 (mitto
404 2357 578 2440 caeteras,
611 2370 697 2436 quae
733 2348 863 2437 Alfeno
896 2358 1123 2438 procuratoat

57 2473 195 2560 perinde
218 2476 321 2559 atque
342 2478 463 2561 postea
487 2473 603 2541 dioillo
623 2477 774 2562 putrouo
796 2479 934 2560 praesto
956 2465 1123 2556 inissent]

57 2595 212 2664 idioturu
241 2594 285 2662 do
311 2594 533 2662 satisdatione
563 2594 769 2681 praestando
800 2594 943 2663 delicere
960 2599 1122 2662 >eonten-

58 2709 209 2784 terenti
1091 2744 1092 2747 ¹

112 2838 235 2928 Pergo
257 2857 437 2926 quaerere,
464 2856 525 2906 our
545 2837 707 2927 Praetor,
741 2839 828 2927 quod
858 2840 979 2904 iniuste
1001 2844 1035 2905 et
1057 2835 1122 2904 ad-

61 2963 215 3027 uersante
248 2959 371 3027 Edicto
402 2961 652 3046 postularetur,
687 2979 809 3028 caussa
844 2961 983 3051 cognita
1013 2961 1121 3044 illico,

64 3085 102 3146 uti
119 3081 371 3168 postularetur,
393 3079 598 3160 decreuerit,
616 3081 811 3168 Naeuioque
826 3082 1003 3164 Alienum,
1025 3083 1120 3167 quasi

65 3201 143 3270 lona
164 3199 332 3289 Quinctil,
368 3205 418 3269 uti
439 3206 626 3290 oporteret,
665 3223 825 3289 possessu
847 3207 981 3290 essent,
1016 3204 1122 3269 satis-

68 3320 136 3391 dare
157 3327 297 3390 iusserit
307 3318 356 3404 ²⁷).
413 3324 562 3392 l'rtltunt
587 3325 698 3413 plebis
725 3321 859 3392 tandem
880 3326 936 3392 ubl
957 3315 1121 3391 inerunt?

95 3571 137 3637 25)
155 3586 181 3624 o.
200 3573 230 3625 7.
249 3586 275 3623 o.
294 3572 423 3625 ao-aa.
615 3573 779 3625 Ailsuianso
797 3573 963 3626 detonsionis
981 3572 1043 3625 linis
1058 3572 1119 3625 suit.

96 3658 138 3724 aa)
156 3661 307 3713 videantur
319 3662 348 3712 in
359 3661 443 3713 ilos.
454 3668 562 3727 praetor
618 3662 695 3714 Coui.
716 3677 741 3713 e.
761 3662 787 3712 7.

74 3751 143 3800 uerba
165 3757 231 3801 ants
251 3750 371 3802 exhibitu
393 3751 475 3802 stiam
498 3766 513 3802 a
535 3764 560 3801 o.
652 3750 699 3812 27)
720 3752 779 3801 lloo
797 3751 936 3800 decretum
949 3751 977 3800 ln
990 3751 1122 3800 norrutio·

74 3832 108 3885 Ἢ.
130 3838 216 3890 husos
245 3837 310 3888 «Fu
335 3840 414 3890 rodus
443 3840 562 3890 omnibus
618 3851 653 3889 uo
679 3836 715 3902 (o.
738 3836 778 3902 7.)
810 3839 889 3889 tacito
919 3839 1120 3902 quodammodo

76 3925 207 3990 «ateprto,
236 3940 320 3990 oopus
338 3930 497 3990 proscriptio
518 3941 562 3979 ne-
618 3927 838 3989 subintelligitur.
859 3952 893 3962 -
910 3927 1010 3978 Cousar
1028 3934 1120 3978 tamen

77 4023 136 4073 tous
149 4018 275 4078 possessio
293 4015 381 4071 bonu,
407 4021 437 4066 ut
454 4014 563 4078 Alfenus
617 4029 643 4066 o.
662 4016 706 4065 20.
727 4020 807 4080 utque
828 4029 853 4066 c.
872 4016 917 4068 21.
936 4027 963 4071 v!
985 4021 1037 4067 oto
1060 4031 1121 4070 eon·

77 4106 221 4162 «numurus
250 4103 355 4154 Naeuio
383 4105 442 4154 atati
478 4103 562 4165 Quin»
619 4109 684 4155 utro
702 4104 828 4156 Burrieni
846 4107 917 4164 (soil.
931 4120 992 4158 eras
1005 4107 1120 4156 tamilla·

79 4191 192 4240 tunm.»
211 4218 242 4229 -
270 4193 322 4244 llio
340 4198 431 4244 autem
451 4193 561 4244 ultimus
618 4191 704 4259 oria),
729 4197 776 4257 qui
792 4197 921 4247 iniuriam
939 4195 1120 4247 decernebat.»
