3114 5046
432 384 494 447 206
611 382 705 485 Cup.
733 385 792 475 ΙΙ.
844 384 905 460 De
930 391 1120 463 uarietate
1145 391 1316 464 lectionis

264 581 350 678 qqqqo.
364 593 412 620 ou.
537 575 609 640 foiii
643 573 713 636 109.
743 579 894 642 extrema
920 577 1024 642 uerba
1052 582 1132 643 sunt
1160 600 1183 644 a
1211 598 1276 668 qao
1301 585 1358 647 tus
1383 586 1498 668 tmpe-

329 651 396 679 emt·

266 1924 383 1963 tiernensis

537 703 652 763 troret
676 702 836 764 irttteutrc
868 690 926 779 (in
956 717 985 764 c.
1014 691 1104 785 31),
1137 701 1251 765 folium
1285 703 1398 767 autem
1429 702 1500 768 110.

536 820 654 904 incipit
689 838 710 885 a
736 820 850 884 uerbis
869 819 1018 905 serim-ns
1039 841 1082 886 eo
1104 841 1194 908 qtoae
1220 829 1304 890 stud
1329 820 1499 914 formido,

537 944 722 1025 quaesunt
745 943 866 1025 capitis
891 940 918 1004 1.
937 962 1002 1029 pro
1030 940 1235 1008 Florem-
1266 945 1308 1010 In
1330 941 1498 1036 Cataiogo

537 1056 984 1146 mnmnmm.

479 1202 514 1248 n.
536 1183 652 1251 Codex
688 1183 887 1250 chartaceus
921 1179 1058 1251 Sacculi
1095 1184 1196 1272 XV„
1238 1187 1314 1250 oiim
1353 1182 1500 1255 Claudii

536 1302 709 1393 Potamoi,
746 1308 841 1372 cuius
870 1325 989 1371 nomen
1011 1305 1154 1372 habetur
1175 1310 1208 1370 in
1232 1309 1338 1392 prima
1359 1310 1497 1397 pagina.

537 1422 695 1491 Continet
724 1423 903 1494 Ciceronis
932 1425 1019 1493 XV.
1049 1433 1242 1518 orationes,
1272 1447 1412 1514 quarum
1447 1436 1498 1495 est

538 1549 719 1632 penultima
739 1567 803 1634 pro
826 1545 997 1630 Qattuctto.
1041 1549 1086 1613 ut
1108 1551 1296 1633 scripturae
1317 1569 1446 1639 genere
1465 1557 1499 1616 et

538 1670 738 1736 lectionibus
771 1674 824 1734 est
856 1669 985 1735 intimae
1012 1677 1124 1736 notae.
1180 1672 1221 1737 ln
1243 1671 1414 1759 Cataiogo
1436 1674 1458 1737 i.
1479 1675 1499 1737 i.

537 1810 570 1875 p.
592 1789 664 1855 401.
684 1791 725 1857 N.
747 1789 839 1854 7824.

495 1914 670 1979 Hactenus
702 1911 932 1979 Parodana.
982 1911 1167 1979 Praeterea
1188 1911 1359 1980 Bottems
1382 1920 1499 1981 noster

432 2037 629 2100 uariantium
661 2037 838 2101 lectionum
875 2033 1039 2100 delectum
1071 2054 1091 2099 e
1126 2032 1252 2100 Codice
1277 2030 1497 2114 Bemteotst¹³i

433 2157 578 2242 benigne
604 2174 729 2222 meeum
754 2157 1027 2237 communicant,
1056 2154 1209 2221 aLeon·
1238 2155 1396 2242 Haterio,
1426 2161 1497 2223 uiro

432 2277 644 2363 doctissimo,
670 2277 763 2361 ciue,
791 2278 938 2363 aequali,
968 2279 1146 2362 quinetiam
1168 2276 1275 2343 sodali
1297 2296 1391 2367 meo,
1414 2279 1498 2344 eireu

433 2418 529 2485 quam
552 2398 674 2464 dudum
695 2399 759 2464 iam
782 2398 961 2484 defuncto,
989 2402 1184 2484 excerptum
1207 2403 1241 2463 et
1263 2399 1428 2466 relietum.

495 2554 584 2624 Sunt
613 2560 717 2647 igitur
743 2556 777 2622 hi
806 2557 1068 2648 quattuordecim
1107 2551 1268 2641 Codices,
1301 2575 1345 2621 ex
1379 2559 1497 2643 quibus

433 2698 521 2746 nunc
556 2679 633 2744 mihi
663 2681 869 2764 propositum
904 2682 956 2743 est
984 2676 1150 2743 delectum
1180 2677 1352 2764 quemdam
1383 2680 1497 2745 uaria-

432 2821 503 2866 rum
540 2802 719 2867 lectionum
751 2803 785 2865 in
817 2799 957 2866 medium
990 2800 1153 2882 proferre.
1209 2801 1249 2865 ln
1284 2799 1349 2866 hoc
1387 2804 1495 2865 autem

433 2942 569 2989 munere
607 2922 839 3008 suscipiendo,
877 2941 973 3007 quum
1010 2923 1138 3006 pariter
1169 2921 1243 2987 iere
1271 2922 1423 3006 timeam,
1456 2938 1496 2984 ne

435 3047 565 3109 nimium
588 3046 691 3110 multa
711 3048 813 3129 atque
834 3061 877 3108 ne
898 3044 1058 3127 pauciora
1079 3042 1196 3109 uidear
1217 3042 1420 3126 tradidisse,
1440 3045 1497 3107 tu·

435 3168 595 3232 tissimum
617 3166 702 3232 duco
724 3167 854 3232 consilii
876 3168 938 3230 mei
960 3167 1121 3230 rationem
1144 3165 1239 3230 breui
1260 3183 1445 3249 exponere.

499 3325 644 3390 Primum
666 3325 771 3409 igitur
791 3322 873 3387 illud
896 3326 1004 3406 tenui,
1037 3326 1092 3407 qui
1119 3343 1162 3388 ex
1184 3321 1366 3391 Codicibus
1387 3324 1497 3388 multis

434 3447 541 3532 iisque
569 3445 764 3533 uulgaribus
789 3462 830 3509 ac
851 3463 966 3528 parum
989 3446 1132 3510 uetustis
1155 3446 1298 3509 uoluerit
1319 3446 1497 3531 scriptoris

433 3568 574 3634 alicuius
594 3567 754 3653 reliquias
774 3565 970 3647 emendare,
993 3568 1023 3631 ei
1045 3571 1199 3652 ipsomm
1215 3562 1387 3632 Codicum
1407 3567 1496 3631 noti-

468 3873 512 3938 12)
532 3875 680 3926 Steinmetz.
705 3876 724 3925 1.
753 3875 773 3923 Ι.
802 3889 829 3937 p.
861 3873 933 3923 vill.
988 3887 1039 3935 pro
1061 3872 1184 3932 Quinctio
1203 3877 1243 3922 est
1265 3873 1292 3921 in
1320 3873 1374 3923 hoo
1399 3873 1496 3924 Codice

434 3958 508 4026 (Por.
528 3961 566 4027 8.)
992 3967 1072 4024 atquo
1090 3961 1118 4010 iu
1137 3962 1241 4010 maiore
1259 3967 1336 4024 parto
1365 3961 1498 4012 Parisios·

469 4049 512 4116 13)
539 4053 721 4103 Bibliothecae
768 4051 935 4114 reipublicae
992 4051 1072 4100 sium.
1118 4051 1158 4098 Ad
1185 4047 1339 4099 afferendas
1367 4050 1498 4102 lectiones

435 4142 612 4192 Beruensium
631 4141 719 4189 Codex
737 4140 798 4189 21t.
820 4161 853 4175 -
887 4139 936 4186 Ea·
993 4145 1055 4189 nota
1075 4139 1097 4186 B
1115 4151 1177 4189 eum
1195 4139 1376 4202 distinguam.

434 4232 497 4281 dem
527 4232 609 4294 stirpe
637 4234 775 4279 contextus
806 4228 934 4277 orationis
