3114 5046
304 290 346 364 in
370 293 544 365 oratione
567 312 640 390 pro
669 287 857 378 Qatinctio.
1063 290 1126 357 2⁰⁷

60 483 138 546 iiam
167 482 426 566 accuratamque
453 481 677 570 cognitionem
704 482 863 566 imprimis
896 500 972 547 csse
1003 500 1127 549 neces-
1146 500 1233 543 aar«.
1246 516 1297 545 ι..

60 605 202 687 sariam3
230 620 271 668 ea
299 601 425 668 domum
448 604 702 687 acquisitorem
731 608 806 693 geri
828 622 993 689 prospere
1015 622 1126 689 posse.

60 723 142 790 ldeo
176 722 307 790 modico
335 725 394 789 illo
423 719 581 792 Codicum
612 742 766 811 numero,
801 727 896 792 cuius
924 730 1126 810 potestatem

60 849 182 911 nactus
209 865 280 911 sum
311 837 438 935 (longe
467 848 553 912 enim
581 847 696 930 plures
723 851 803 912 sunt
829 849 851 910 li
875 865 959 932 quos
980 848 1125 914 nondum

60 959 169 1051 uidi),
190 970 242 1037 sio
262 967 421 1034 utendum
444 985 520 1034 esse
542 971 678 1054 putaui,
710 973 747 1032 ut
769 970 863 1034 iuxta
885 970 992 1035 bonas
1011 971 1127 1055 utique

60 1091 227 1155 lectiones
247 1094 306 1155 aut
328 1090 521 1174 probabiles
541 1091 658 1155 saltem
689 1108 753 1155 seu
778 1090 936 1156 dubiosas
958 1108 1017 1157 cas
1039 1112 1126 1176 quo-

61 1231 122 1296 que
147 1212 378 1295 obseruarem‚
411 1229 498 1297 quae
519 1215 638 1296 aperte
660 1212 790 1297 quidem
812 1215 993 1297 corruptae
1015 1220 1126 1279 tamen

60 1333 100 1398 ad
123 1333 396 1422 cognoscendam
421 1328 580 1400 Codicum
607 1339 757 1400 naturam
784 1338 818 1400 et
840 1337 1002 1426 originem
1024 1339 1127 1421 atque

61 1454 100 1521 ad
115 1453 361 1521 discernendas
376 1457 470 1540 quasi
485 1458 610 1541 stirpes
632 1474 672 1523 ae
692 1458 836 1523 familias
857 1459 1035 1523 utilitatem
1058 1459 1126 1523 aii-

63 1597 156 1664 quam
180 1577 392 1663 fructumque
414 1579 626 1662 praeberent.

122 1699 176 1765 Ea
204 1717 286 1764 uero
317 1701 449 1765 ratione
479 1699 601 1766 duetus
631 1700 779 1766 lacertos
807 1701 987 1785 praecipue
1015 1701 1126 1767 adno-

63 1824 146 1905 taui‚
169 1822 302 1887 scilicet
324 1839 398 1903 eas,
421 1840 505 1906 quae
524 1824 583 1886 aut
606 1822 756 1886 omnibus
777 1826 835 1886 aut
856 1822 1005 1907 pluribus
1020 1821 1125 1888 coci-

63 1945 154 2009 eibus
176 1945 292 2009 essent
314 1960 518 2026 communes;
555 1962 650 2028 quam
674 1944 942 2009 obseruationem
963 1962 1124 2029 nusquam

64 2066 167 2155 magis
190 2083 286 2150 quam
308 2066 343 2128 in
365 2064 429 2131 hae
451 2067 604 2130 oratione
626 2064 772 2130 arbitror
793 2066 836 2130 ad
857 2084 927 2131 rem
943 2067 1124 2149 pertinere.

64 2185 113 2251 lix
143 2206 209 2273 quo
239 2205 337 2270 quum
365 2188 477 2252 statim
507 2187 740 2271 apparuisset,
770 2204 846 2252 esse
868 2205 996 2271 paucos
1018 2208 1123 2272 quos-

66 2305 133 2373 dam
166 2308 414 2397 auulgaribus
443 2307 634 2374 defectibus
675 2307 908 2394 quadantenus
943 2311 1122 2395 immunes,

66 2447 167 2514 neque
190 2432 302 2494 tamen
324 2430 549 2515 peculiaribus
570 2431 782 2516 propriisque
805 2428 1028 2516 deformatos,
1063 2450 1124 2496 eos

66 2552 94 2614 in
121 2551 289 2616 uarietate
318 2569 449 2637 quoque
481 2549 657 2639 seligenda
687 2551 801 2637 paullo
831 2553 983 2635 potiores
1012 2549 1123 2618 habui.

66 2668 207 2753 Quonim
239 2690 376 2738 numero
408 2675 486 2738 sunt
523 2669 601 2761 Pe,
634 2671 679 2759 lc,
712 2693 763 2759 m,
792 2675 912 2757 partim
935 2675 1033 2738 etiam
1056 2670 1123 2739 Pa.

65 2793 191 2860 lieinde
213 2812 310 2880 quem
331 2792 429 2858 modo
452 2795 620 2859 nominaui
635 2793 791 2861 Codicem
814 2792 870 2860 Pk
891 2793 977 2860 adeo
999 2793 1122 2858 distin-

63 2916 227 3004 guendum
261 2934 337 2982 esse
359 2917 564 2998 existimaui,
592 2920 629 2981 ut
651 2917 706 2982 uel
727 2918 894 3005 integram
915 2917 987 2981 eius
1008 2918 1122 2982 uarie-

63 3039 159 3103 tatem
182 3037 385 3104 exhiberem.
426 3037 502 3104 Non
526 3056 565 3102 eo
588 3037 680 3120 dico,
714 3056 779 3124 quo
802 3040 946 3104 ueritate
967 3039 1123 3104 lectionis

62 3161 228 3248 excellat,
266 3160 325 3225 aut
354 3178 396 3226 ex
432 3161 609 3225 uetustior!
645 3178 742 3245 quam
777 3162 904 3227 coeteri
938 3160 1120 3244 exemplari

62 3280 251 3367 descriptus
270 3283 334 3346 sit:
359 3280 421 3347 sed
442 3300 550 3348 nouas
570 3283 752 3367 lectiones,
772 3283 920 3350 cuiusuis
940 3282 1057 3368 pretii,
1079 3301 1120 3351 ao

63 3405 160 3491 tales,
195 3422 281 3488 quae
314 3405 517 3471 coniecturis
547 3405 656 3493 magis
693 3423 789 3490 quam
823 3400 1003 3472 codicibus
1032 3403 1120 3470 ilisa.

65 3524 166 3594 odbue
187 3517 520 3611 attribuebauturst),
542 3528 692 3593 eontinet
713 3529 780 3592 tam
794 3527 930 3613 multas,
952 3527 1119 3613 quintam
1219 3532 1223 3540 '

96 3875 137 3941 ii)
155 3879 245 3942 Quum
271 3891 333 3929 eam
363 3877 489 3928 lectionis
515 3891 561 3927 ua·
616 3874 681 3925 ieris
699 3874 821 3925 colendis
839 3875 983 3925 honestum
1000 3879 1117 3938 putator,

73 3965 181 4018 rietatem
199 3968 354 4028 euansbo,
373 3967 481 4031 saepius
493 3967 560 4016 mibi
617 3964 744 4014 uidelicet
772 3969 800 4014 ut
830 3964 998 4014 aduersariis
1028 3968 1119 4013 testem

75 4052 127 4105 liud
151 4056 308 4108 laciendum
340 4057 391 4107 erit
423 4056 494 4120 quod
532 4055 559 4105 in
617 4053 759 4104 macone.

76 4146 161 4195 caussis
181 4147 294 4208 agendis
313 4145 440 4206 stultum,
470 4145 498 4194 iu
519 4144 561 4195 lii·
