3114 5046
256 371 297 451 5.
315 360 350 435 1.
403 358 546 436 locius
570 364 678 461 oripo
703 371 740 436 et
765 370 920 437 notiora.
1085 361 1124 425 ¹⁹

67 549 248 634 sponsione
272 549 414 636 peritum
436 550 578 637 aliquem
608 554 849 638 probatumque
877 549 1044 617 addixerit
1071 552 1126 616 ia·
1143 562 1294 658 ,fim-

63 669 178 750 dicem,
212 673 268 737 cai
290 672 378 737 illius
399 671 448 737 rei
470 674 684 738 exactissima
711 673 872 761 cogirltio,
900 672 1124 762 religiosaque
1143 666 1291 763 :asmu-

60 792 220 859 isdieatio
242 796 276 858 et
299 801 477 878 praeterea
497 792 579 858 nibil
600 812 701 860 curae
724 801 830 878 easet;
860 796 955 861 cuius
981 791 1124 880 denique

57 916 229 979 sententia
242 914 318 1000 ipse
331 933 452 980 usurus
465 932 573 1001 eoque
585 914 801 980 fundamento
812 912 1010 981 decreturus
1023 917 1125 981 esset·

58 1035 101 1121 is,
129 1034 231 1120 dico,
261 1037 481 1124 magistratus
513 1035 629 1118 oiiicii,
657 1036 846 1125 religionis,
876 1034 1126 1122 modestiaeque

59 1158 171 1241 potius
186 1155 318 1222 isodoro
331 1157 487 1246 merebit,
505 1176 601 1243 quam
614 1158 684 1223 ulla
698 1175 848 1243 umquam
863 1156 1126 1242 reprehensione

58 1275 184 1367 dignas
195 1280 401 1363 inuenietur,
421 1279 522 1345 unica
542 1279 691 1344 tortasse
708 1296 750 1344 ea
763 1280 975 1362 exceptione,
994 1277 1125 1344 sladeo

59 1400 160 1484 pians
181 1405 286 1485 atque
308 1401 562 1485 exploratores
583 1405 693 1488 esset,
713 1403 751 1465 ut
771 1401 893 1467 bonnm
908 1404 943 1467 ei
960 1404 1125 1468 constan-

61 1526 121 1586 iem
145 1523 511 1611 magistratummagls
531 1521 684 1609 deceret,
705 1524 834 1587 maturo
857 1519 994 1588 decreto
1017 1540 1125 1608 quae-

60 1644 203 1708 stionem
224 1641 397 1731 dirimere,
419 1662 516 1729 quam
535 1645 726 1730 sponsionis
739 1641 999 1729 praeiudicilqae
1013 1660 1124 1730 exop-

63 1767 164 1829 tatam
188 1781 313 1829 noram
338 1764 522 1830 calamiae
543 1763 746 1833 condonare.

120 1885 225 1951 lianc
253 1903 399 1950 normam
430 1903 503 1972 cum
531 1885 576 1952 ad
604 1905 757 1954 cauamm
782 1890 930 1953 nostram
962 1886 1125 1974 adhibeo,

63 2004 270 2072 dolabellam
291 2023 415 2074 censeo
428 2010 523 2074 recte
537 2011 638 2094 atque
653 2007 769 2076 ordine
785 2009 924 2091 iecisse,
946 2011 1000 2096 qui
1015 2028 1125 2095 spon-

62 2129 186 2192 sionem
219 2126 290 2193 deri
323 2130 469 2194 iusserit.
500 2129 655 2196 Nondum
689 2130 819 2217 quidem
846 2129 943 2196 buius
969 2132 1034 2198 loci
1068 2137 1125 2197 est

64 2247 263 2331 diiudicare,
294 2249 383 2316 bona
410 2248 560 2332 ,Quinctii
593 2271 637 2318 ex
667 2251 791 2319 lldieto
817 2270 977 2338 possessa
998 2253 1124 2319 luerint

63 2388 183 2456 necne;
212 2368 248 2434 id
273 2373 384 2437 tamen
405 2378 487 2458 poto
509 2374 564 2439 uel
593 2375 730 2460 primam
759 2375 887 2463 legenti
917 2373 1016 2439 'lollii
1043 2394 1125 2441 ora-

63 2492 183 2556 tionem
208 2490 308 2559 {aelle
329 2497 446 2580 patere
468 2494 569 2570 (sicut
596 2495 687 2561 inira
714 2498 892 2582 perspicue
919 2493 1125 2584 apparebit),

64 2610 148 2678 baud
170 2611 386 2681 mediocriter
406 2617 594 2683 intricatam
616 2619 718 2702 atque
739 2615 904 2683 difficilem
922 2618 1028 2682 inisse
1044 2637 1128 2703 pro-

66 2736 549 2822 posttsmlilamquaestionem,
565 2738 749 2824 quinetiam
759 2737 1012 2823 probabiliorem
1021 2738 1125 2822 primo

66 2861 203 2943 aspectu
211 2856 330 2923 Naeuii
339 2877 434 2943 quam
446 2856 592 2940 Quinctii
601 2876 751 2926 caussam
766 2860 911 2944 speciem
922 2859 1126 2944 praebuisse.

121 2976 241 3061 Quare
260 2979 380 3044 iniuria
394 2979 536 3046 'lulium
558 2980 622 3048 boc
641 2982 717 3047 loco
732 2980 906 3047 Praetoris
920 2980 1125 3067 iniquitatem

68 3100 264 3186 insimulare,
277 3102 456 3184 tantopere
472 3099 546 3166 mibi
563 3120 758 3188 persuasum
773 3105 836 3184 est,
850 3107 888 3167 ui
898 3103 955 3167 uix
971 3101 1126 3190 dubitem,
1145 3067 1193 3094 Μ

68 3224 156 3307 quin,
177 3222 209 3286 si
232 3223 334 3287 missa
354 3224 536 3307 sponsione
556 3224 651 3290 breui
673 3243 770 3289 manu
794 3224 969 3290 llolabello
998 3242 1040 3290 ex
1065 3242 1126 3291 sua

68 3346 259 3434 cognitione
280 3341 463 3410 decernere
487 3345 668 3432 uolulsaet,
695 3344 844 3412 Naeuius
870 3347 1025 3430 superior
1053 3345 1127 3410 dis-

68 3481 223 3532 suasurus
243 3464 382 3549 sabaei,
404 3463 555 3552 adeoque
577 3463 753 3547 Quinctius
770 3460 942 3533 Praetoris
957 3485 1029 3533 cum
1045 3467 1127 3532 reli-

68 3589 152 3674 gioni
166 3590 240 3650 tum
252 3587 413 3671 aequitati
428 3589 535 3651 totum
549 3585 671 3654 debeat
685 3593 858 3674 acceptum
872 3589 1016 3673 reierre,
1038 3587 1126 3673 quod

69 3706 240 3774 etiamdum
256 3707 321 3772 sibi
334 3707 436 3774 beent
453 3696 605 3775 caussam
623 3710 807 3795 famamque
823 3728 914 3774 suam
933 3708 1021 3794 apud
1037 3708 1126 3774 iudi-

70 3845 130 3896 cem
152 3826 351 3895 defendere.

123 3946 305 4019 Caeterum
326 3947 369 4014 ad
393 3949 480 4018 bunc
501 3952 610 4019 locum
625 3955 771 4039 pertinet
785 3947 958 4020 Ciceronis
972 3952 1124 4038 querela,

74 4089 149 4154 quse
170 4073 204 4138 in
225 4090 256 4139 c.
270 4069 302 4136 2.
321 4073 484 4156 orationis
504 4075 687 4159 inuenitur,
715 4076 769 4140 ubi
791 4074 965 4140 Praetoris
984 4076 1123 4138 accusat

78 4197 313 4283 ‹bupsuatem
334 4197 371 4259 et
391 4197 575 4287 batumum,
603 4196 693 4286 quod
713 4186 836 4263 cossino
858 4200 1010 4262 omnium
1037 4212 1123 4261 eou-
