3114 5046
812 1086 850 1176 ς
871 1090 908 1161 4.

426 1274 481 1343 De
502 1279 654 1345 oottonie
673 1279 751 1343 nire
773 1277 810 1340 et
827 1269 995 1358 somnio.
1016 1303 1058 1316 -
1079 1267 1313 1363 properea:

399 1435 495 1502 Hueo
527 1436 631 1525 igitur
657 1432 759 1501 hebui
789 1430 832 1500 de
857 1432 999 1518 pristino
1030 1430 1082 1499 Μ.
1101 1428 1248 1498 ΙΛιοιιΙΙί
1273 1427 1388 1497 iuiion

327 1557 534 1643 consilioque
556 1574 642 1643 quse
662 1555 819 1623 dicerem.
868 1549 940 1622 Sed
970 1573 1069 1640 quum
1090 1553 1196 1618 untes
1216 1569 1389 1641 cognoue-

325 1680 428 1743 rimus
448 1696 569 1743 nouum
591 1678 664 1743 eius
679 1678 762 1743 iuris
779 1677 919 1743 formem
936 1674 1169 1759 diuersumque
1183 1674 1276 1741 illem
1298 1668 1388 1763 Gaii

330 1796 475 1886 Ulpiano
502 1801 778 1884 coeterorumque
813 1796 1108 1885 disceptationem,
1144 1794 1237 1861 houd
1268 1797 1389 1862 minore

325 1920 376 1987 rei
408 1939 506 2006 quem
534 1921 696 2006 temporis
716 1919 895 1985 interuallo
917 1916 1113 2006 oisnntem,
1138 1917 1204 1982 ism
1228 1918 1389 2002 superest,

327 2044 365 2107 ut
385 2043 531 2128 spatium
553 2043 588 2107 in
609 2040 718 2108 medio
747 2042 847 2107 situm
868 2056 910 2107 eo
930 2037 1194 2126 uicissitudines,
1224 2056 1288 2123 per
1312 2055 1390 2126 qum

326 2162 370 2230 ub
391 2163 450 2228 illo
472 2164 637 2248 principio
654 2161 697 2229 od
713 2161 803 2230 hune
824 2161 920 2228 finem
941 2163 996 2227 est
1016 2162 1230 2246 peruentum,
1251 2160 1389 2227 inuesti-

325 2285 465 2373 gutione
493 2285 742 2369 amplectamur.
790 2280 898 2365 Quem
919 2300 1021 2351 ouree
1051 2284 1181 2367 portem
1208 2280 1257 2348 ed
1278 2284 1390 2349 extre-

326 2422 411 2468 mum
433 2402 522 2471 huno
544 2406 652 2472 locum
674 2405 800 2473 idcirco
816 2404 1013 2495 distuIImus,
1035 2402 1123 2491 quod
1142 2404 1177 2469 in
1198 2405 1391 2472 coniectore

325 2524 429 2591 muito
451 2527 560 2616 mogis
581 2529 738 2594 uersatur
764 2544 861 2613 quum
892 2527 991 2592 iustis
1012 2524 1174 2594 Veterum
1194 2524 1390 2594 testimoniis

326 2646 404 2711 ultis
425 2650 571 2713 constat.

388 2761 461 2834 Sed
483 2789 580 2854 quum
603 2773 743 2854 propter
778 2769 915 2835 similem
941 2770 1206 2836 testimoniorum
1233 2772 1388 2837 rationem

326 2891 425 2955 etium
448 2893 655 2974 superiorem
677 2890 937 2975 disputationem
965 2894 1101 2956 inuerso
1123 2894 1315 2976 temporum
1335 2908 1386 2955 or·

325 3009 403 3076 dine
425 3013 682 3099 instituerimus,
712 3010 800 3078 haud
828 3013 890 3080 ebs
918 3014 1059 3100 ruerit,
1086 3014 1136 3077 its
1157 3013 1291 3099 relique
1311 3030 1386 3097 sup·

324 3133 434 3220 plere,
464 3137 502 3198 nt
529 3135 625 3200 simul
646 3135 735 3200 iilius
759 3153 916 3202 summum
942 3153 1003 3220 per
1024 3132 1167 3201 indicem
1188 3138 1384 3221 repetemus,

324 3251 468 3338 denique
491 3257 596 3320 totnm
618 3257 691 3321 eius
720 3257 801 3322 iuris
828 3257 1099 3346 progressionem
1121 3271 1163 3320 ec
1184 3251 1384 3322 uicissitudi-

324 3393 386 3440 nes
407 3393 429 3439 s
449 3376 615 3462 principio
637 3376 715 3442 inde
737 3379 831 3443 breui
853 3378 1068 3444 enerrotione
1090 3393 1341 3464 persequemur.

204 3551 208 3559 ·
238 3560 289 3651 M:-
387 3533 526 3619 Itaque,
547 3537 586 3599 ut
607 3553 710 3619 supra
733 3534 927 3624 diximus¹),
949 3537 1089 3622 primum
1110 3535 1190 3624 fuit,
1213 3532 1377 3621 utipruti

183 3668 209 3703 o·
322 3670 387 3718 noe
416 3652 578 3721 formulae
605 3658 835 3722 insererentur
865 3659 970 3724 uerbo
999 3659 1057 3724 ille
1087 3678 1229 3725 sonsum
1255 3669 1374 3733 suerii

321 3771 421 3860 idque
448 3774 564 3839 tuendi
597 3775 857 3865 declarandique
889 3781 1022 3865 pristini
1052 3781 1153 3868 iuris,
1181 3800 1250 3846 non
1271 3773 1369 3858 {corri-

320 3892 423 3980 gendi
445 3912 567 3962 onussu
590 3896 725 3964 ieotum.

353 4185 379 4248 i)
399 4200 424 4249 p.
439 4189 500 4239 57⁷.
514 4204 590 4254 seqq.
