3114 5046
540 1024 576 1110 S·
598 1027 643 1095 3:

54 1193 250 1265 Gmrerolio
280 1193 451 1284 petoedum
477 1192 519 1257 dc
546 1195 622 1255 ture
643 1189 807 1257 horrorum
836 1212 860 1257 a
888 1193 1114 1260 creditoribus
1234 1211 1238 1217 ·

204 1311 284 1382 mem
302 1313 589 1403 possidendorum
612 1316 686 1379 trem
707 1313 975 1380 recidendorum.

113 1505 218 1572 Gaius
240 1505 301 1569 111.
322 1508 368 1585 88.
391 1504 528 1570 77-81.
549 1502 748 1590 Theophilus
781 1501 821 1566 ad
842 1525 891 1592 pr.
911 1503 939 1569 J.
965 1506 1014 1569 De
1038 1527 1115 1569 suo.

53 1625 255 1692 cessionibus
276 1624 418 1690 sublatis.

115 1825 281 1916 Constat,
306 1824 453 1908 Quinctii
473 1826 562 1892 bona
583 1843 604 1892 a
623 1824 751 1892 Naeuio
776 1828 824 1892 ita
845 1845 920 1893 csse
941 1846 1115 1914 possessa,

53 1957 87 2014 ui
107 1969 151 2017 ne
178 1953 308 2036 tamen,
340 1967 439 2035 quum
460 1947 612 2015 iudicium
636 1950 841 2033 propositum
863 1953 1037 2037 ageretur,
1072 1949 1116 2014 ad

53 2070 280 2137 uenditionem
301 2089 406 2155 usque
429 2071 621 2155 peruentum
643 2075 742 2134 esset
784 2066 900 2154 Neque
927 2089 1007 2135 uero
1036 2089 1117 2135 ora-

53 2195 106 2256 tor
127 2194 220 2256 intra
240 2193 290 2283 rei
316 2195 435 2277 gestae
456 2192 614 2256 terminos
637 2190 894 2276 disputationem
916 2210 1009 2255 suam
1030 2209 1117 2257 con-

55 2314 173 2397 tinuit,
222 2315 318 2377 immo
354 2313 621 2398 frequentissime
656 2314 877 2378 commoratur
907 2329 980 2378 cum
1011 2313 1045 2376 in
1075 2314 1118 2378 iis

58 2433 342 2518 demonstrandis,
364 2453 467 2519 quae.
498 2437 598 2519 prout
623 2433 722 2498 iudex
746 2435 1116 2518 sententiamdederit,

60 2556 166 2620 iutura
192 2557 278 2642 sint,
313 2558 379 2618 tum
406 2556 440 2619 in
465 2554 672 2640 deploranda
698 2575 822 2621 summ
851 2557 909 2621 iiia
940 2557 1115 2645 maiorum,

62 2695 119 2759 qua
141 2675 320 2757 Quinctius
342 2677 553 2762 obrueretur,
586 2677 614 2740 si
641 2677 730 2741 bona
750 2696 828 2762 aaa,
858 2676 946 2760 quod
966 2676 1116 2761 cupidis-

64 2799 135 2862 sime
157 2797 353 2863 adfectasse
375 2798 522 2862 Naeuius
548 2799 769 2881 insimulatur,
788 2799 981 2863 neniissent.

116 2916 338 2999 Quamobrem
360 2916 447 2983 baud
470 2917 680 2983 mediocriter
701 2918 742 2984 ad
767 2921 896 3003 plenum
920 2919 1016 2982 buius
1035 2938 1116 2982 ora-

67 3041 155 3103 tionis
167 3040 373 3105 inteiieetum
389 3041 544 3124 pertinet,
566 3040 749 3104 absolutam
767 3039 928 3125 quandam
947 3042 1019 3105 eius
1037 3042 1117 3104 iuris

67 3161 232 3249 imaginem
255 3161 317 3226 sibi
335 3179 550 3244 comparare,
571 3179 678 3244 neque
707 3180 839 3245 operam
872 3162 1063 3247 perdemus,
1087 3164 1114 3224 si

67 3280 100 3344 de
118 3283 217 3346 bonls
243 3281 471 3365 possidendis,
495 3281 752 3366 proscribendis,
767 3281 951 3346 uendendis
966 3286 1116 3367 omnique

69 3403 127 3466 eius
147 3405 200 3468 rei
228 3400 361 3483 ordine,
398 3403 489 3467 exitu
514 3406 547 3467 et
571 3401 709 3486 erecta,
745 3422 829 3487 quae
855 3403 998 3468 Veteres
1022 3404 1118 3468 nobis

71 3522 268 3588 tradiderunt
302 3528 502 3607 nostraeque
539 3526 662 3589 aetatis
692 3526 875 3606 scriptores
899 3545 1022 3588 summo
1045 3546 1117 3590 oum

74 3644 173 3709 bbere
198 3644 374 3729 fructuque
397 3646 616 3709 excoluerunt
637 3643 677 3725 ¹),
710 3647 856 3711 breuiter
886 3651 919 3710 et
942 3647 1033 3730 quasi
1057 3663 1117 3729 per

105 3949 129 4002 ii
151 3949 247 4000 Stieber
273 3950 292 3999 Ι.
321 3950 339 3998 Ι.
366 3965 392 4014 p·
419 3951 462 4002 bi.
484 3965 559 4016 seqq.
618 3948 646 4014 ss·
676 3954 718 4005 29·
746 3968 770 4016 P·
797 3954 855 4004 ³05.
882 3968 958 4018 ⁵⁰q‘i·
989 3954 1065 4002 (Μ’
1086 3950 1114 4014 5·

87 4031 190 4086 iinmern
219 4038 237 4084 l·
268 4037 285 4085 Ι.
318 4035 346 4100 ὅ.
373 4041 414 4090 79.
446 4057 469 4104 p.
499 4042 559 4091 250.
617 4041 660 4090 ⁴2⁰.
681 4058 709 4105 p·
728 4042 787 4091 ‘282-
808 4056 882 4105 seqq·

91 4131 145 4184 seqq.
182 4126 464 4193 bethmann-idolium
494 4130 511 4178 Ι.
541 4131 557 4178 i.
