<?xml version="1.0" encoding="UTF-8"?>
<!DOCTYPE html PUBLIC "-//W3C//DTD XHTML 1.0 Transitional//EN"
    "http://www.w3.org/TR/xhtml1/DTD/xhtml1-transitional.dtd">
<html xmlns="http://www.w3.org/1999/xhtml" xml:lang="en" lang="en">
 <head>
  <title>
</title>
<meta http-equiv="Content-Type" content="text/html;charset=utf-8" />
  <meta name='ocr-system' content='tesseract 3.04.00' />
  <meta name='ocr-capabilities' content='ocr_page ocr_carea ocr_par ocr_line ocrx_word'/>
</head>
<body>
  <div class='ocr_page' id='page_1' title='image "./semestriumadmtu00kellgoog_0060.png"; bbox 0 0 3114 5046; ppageno 0'>
   <div class='ocr_carea' id='block_1_1' title="bbox 377 364 1239 477">
    <p class='ocr_par' dir='ltr' id='par_1_1' title="bbox 377 364 1239 477">
     <span class='ocr_line' id='line_1_1' title="bbox 377 364 1239 477; baseline -0.005 -38"><span class='ocrx_word' id='word_1_1' title='bbox 377 375 415 453; x_wconf 71' lang='lat' dir='ltr'><strong><em>s.</em></strong></span> <span class='ocrx_word' id='word_1_2' title='bbox 444 365 477 438; x_wconf 89' lang='lat'><strong><em>1.</em></strong></span> <span class='ocrx_word' id='word_1_3' title='bbox 530 364 672 439; x_wconf 81' lang='lat' dir='ltr'><strong><em>Iudicii</em></strong></span> <span class='ocrx_word' id='word_1_4' title='bbox 697 368 803 466; x_wconf 76' lang='lat' dir='ltr'><strong><em>oripo</em></strong></span> <span class='ocrx_word' id='word_1_5' title='bbox 829 374 865 439; x_wconf 87' lang='lat' dir='ltr'><strong><em>ei</em></strong></span> <span class='ocrx_word' id='word_1_6' title='bbox 891 374 1046 439; x_wconf 85' lang='lat' dir='ltr'><strong><em>natura.</em></strong></span> <span class='ocrx_word' id='word_1_7' title='bbox 1114 472 1117 477; x_wconf 15' lang='grc' dir='ltr'>ι</span> <span class='ocrx_word' id='word_1_8' title='bbox 1199 365 1239 426; x_wconf 81' lang='lat'><strong><em>35</em></strong></span> 
     </span>
    </p>
   </div>
   <div class='ocr_carea' id='block_1_2' title="bbox 172 549 1407 2101">
    <p class='ocr_par' dir='ltr' id='par_1_2' title="bbox 172 549 1407 2101">
     <span class='ocr_line' id='line_1_2' title="bbox 231 549 1407 657; baseline -0.001 -37"><span class='ocrx_word' id='word_1_9' title='bbox 231 554 305 620; x_wconf 84' lang='lat' dir='ltr'><strong><em>lam</em></strong></span> <span class='ocrx_word' id='word_1_10' title='bbox 326 553 489 620; x_wconf 86' lang='lat' dir='ltr'><strong><em>eiusmodi</em></strong></span> <span class='ocrx_word' id='word_1_11' title='bbox 512 556 708 641; x_wconf 75' lang='lat' dir='ltr'><strong><em>principiis,</em></strong></span> <span class='ocrx_word' id='word_1_12' title='bbox 725 556 990 641; x_wconf 85' lang='lat' dir='ltr'><strong><em>iaiipropoeiio,</em></strong></span> <span class='ocrx_word' id='word_1_13' title='bbox 1012 552 1089 640; x_wconf 88' lang='lat' dir='ltr'><strong><em>quid</em></strong></span> <span class='ocrx_word' id='word_1_14' title='bbox 1105 555 1238 633; x_wconf 83' lang='lat' dir='ltr'><strong><em>mirum,</em></strong></span> <span class='ocrx_word' id='word_1_15' title='bbox 1258 549 1407 657; x_wconf 45' lang='grc' dir='ltr'><strong><em>,ξοζζξᾮ</em></strong></span> 
     </span>
     <span class='ocr_line' id='line_1_3' title="bbox 172 665 1357 768; baseline 0.004 -29"><span class='ocrx_word' id='word_1_16' title='bbox 172 672 396 756; x_wconf 76' lang='lat' dir='ltr'><strong>Quinctianae</strong></span> <span class='ocrx_word' id='word_1_17' title='bbox 417 675 523 762; x_wconf 87' lang='lat' dir='ltr'><strong><em>hunc,</em></strong></span> <span class='ocrx_word' id='word_1_18' title='bbox 550 696 645 762; x_wconf 87' lang='lat' dir='ltr'><strong><em>quem</em></strong></span> <span class='ocrx_word' id='word_1_19' title='bbox 668 675 750 743; x_wconf 87' lang='lat' dir='ltr'><strong><em>dicit</em></strong></span> <span class='ocrx_word' id='word_1_20' title='bbox 771 677 1029 768; x_wconf 85' lang='lat' dir='ltr'><strong><em>nobilissimam,</em></strong></span> <span class='ocrx_word' id='word_1_21' title='bbox 1054 678 1160 743; x_wconf 83' lang='lat' dir='ltr'><strong><em>iacun</em></strong></span> <span class='ocrx_word' id='word_1_22' title='bbox 1184 679 1239 744; x_wconf 89' lang='lat' dir='ltr'><strong><em>uel</em></strong></span> <span class='ocrx_word' id='word_1_23' title='bbox 1258 665 1357 713; x_wconf 74' lang='lat'><strong><em>⁰“¹⁸‘“⁰·</em></strong></span> 
     </span>
     <span class='ocr_line' id='line_1_4' title="bbox 173 795 1240 886; baseline 0.003 -24"><span class='ocrx_word' id='word_1_24' title='bbox 173 800 308 881; x_wconf 84' lang='lat' dir='ltr'><strong><em>primum</em></strong></span> <span class='ocrx_word' id='word_1_25' title='bbox 343 798 391 862; x_wconf 86' lang='lat' dir='ltr'><strong><em>iia</em></strong></span> <span class='ocrx_word' id='word_1_26' title='bbox 429 795 655 886; x_wconf 84' lang='lat' dir='ltr'><strong><em>pessumdari,</em></strong></span> <span class='ocrx_word' id='word_1_27' title='bbox 691 802 729 862; x_wconf 91' lang='lat' dir='ltr'><strong><em>ut</em></strong></span> <span class='ocrx_word' id='word_1_28' title='bbox 760 800 946 885; x_wconf 86' lang='lat' dir='ltr'><strong><em>siaiuaiur,</em></strong></span> <span class='ocrx_word' id='word_1_29' title='bbox 983 802 1240 885; x_wconf 73' lang='lat' dir='ltr'><strong><em>«interpretum</em></strong></span> 
     </span>
     <span class='ocr_line' id='line_1_5' title="bbox 235 918 1239 1008; baseline 0.001 -25"><span class='ocrx_word' id='word_1_30' title='bbox 235 937 393 1008; x_wconf 78' lang='lat' dir='ltr'><strong><em>-errore,</em></strong></span> <span class='ocrx_word' id='word_1_31' title='bbox 415 922 474 1008; x_wconf 78' lang='lat' dir='ltr'><strong><em>pai</em></strong></span> <span class='ocrx_word' id='word_1_32' title='bbox 495 918 946 1006; x_wconf 69' lang='lat' dir='ltr'><strong><em>stimulationis—sormidam</em></strong></span> <span class='ocrx_word' id='word_1_33' title='bbox 967 938 1084 986; x_wconf 86' lang='lat' dir='ltr'><strong><em>orasse</em></strong></span> <span class='ocrx_word' id='word_1_34' title='bbox 1110 925 1144 984; x_wconf 89' lang='lat' dir='ltr'><strong><em>et</em></strong></span> <span class='ocrx_word' id='word_1_35' title='bbox 1176 921 1239 985; x_wconf 82' lang='lat' dir='ltr'><strong><em>ob-</em></strong></span> 
     </span>
     <span class='ocr_line' id='line_1_6' title="bbox 235 1037 1267 1137; baseline 0.006 -37"><span class='ocrx_word' id='word_1_36' title='bbox 235 1059 364 1105; x_wconf 79' lang='lat' dir='ltr'><strong><em>·scure</em></strong></span> <span class='ocrx_word' id='word_1_37' title='bbox 384 1040 638 1129; x_wconf 77' lang='lat' dir='ltr'><strong><em>iideiiipereut,</em></strong></span> <span class='ocrx_word' id='word_1_38' title='bbox 664 1037 802 1137; x_wconf 70' lang='lat' dir='ltr'><strong><em>[actum</em></strong></span> <span class='ocrx_word' id='word_1_39' title='bbox 823 1060 914 1130; x_wconf 88' lang='lat' dir='ltr'><strong><em>esse,</em></strong></span> <span class='ocrx_word' id='word_1_40' title='bbox 942 1045 984 1107; x_wconf 90' lang='lat' dir='ltr'><strong><em>at</em></strong></span> <span class='ocrx_word' id='word_1_41' title='bbox 1004 1045 1240 1106; x_wconf 74' lang='lat' dir='ltr'><strong><em>inadoratam</em></strong></span> <span class='ocrx_word' id='word_1_42' title='bbox 1259 1058 1267 1074; x_wconf 94' lang='lat'><strong>·</strong></span> 
     </span>
     <span class='ocr_line' id='line_1_7' title="bbox 236 1161 1241 1250; baseline 0.004 -28"><span class='ocrx_word' id='word_1_43' title='bbox 236 1166 390 1227; x_wconf 67' lang='lat' dir='ltr'><strong><em>maiam</em></strong></span> <span class='ocrx_word' id='word_1_44' title='bbox 404 1161 588 1227; x_wconf 82' lang='lat' dir='ltr'><strong><em>uerborum</em></strong></span> <span class='ocrx_word' id='word_1_45' title='bbox 601 1181 671 1228; x_wconf 89' lang='lat' dir='ltr'><strong><em>uou</em></strong></span> <span class='ocrx_word' id='word_1_46' title='bbox 689 1162 801 1228; x_wconf 82' lang='lat' dir='ltr'><strong><em>solum</em></strong></span> <span class='ocrx_word' id='word_1_47' title='bbox 815 1181 886 1228; x_wconf 90' lang='lat' dir='ltr'><strong><em>nou</em></strong></span> <span class='ocrx_word' id='word_1_48' title='bbox 900 1162 1156 1250; x_wconf 73' lang='lat' dir='ltr'><strong><em>emendaretur,</em></strong></span> <span class='ocrx_word' id='word_1_49' title='bbox 1178 1164 1241 1227; x_wconf 92' lang='lat' dir='ltr'><strong><em>sed</em></strong></span> 
     </span>
     <span class='ocr_line' id='line_1_8' title="bbox 235 1280 1240 1370; baseline 0.005 -27"><span class='ocrx_word' id='word_1_50' title='bbox 235 1287 365 1349; x_wconf 75' lang='lat' dir='ltr'><strong><em>«raonis</em></strong></span> <span class='ocrx_word' id='word_1_51' title='bbox 386 1289 511 1350; x_wconf 67' lang='lat' dir='ltr'><strong><em>suaeuis</em></strong></span> <span class='ocrx_word' id='word_1_52' title='bbox 525 1283 801 1370; x_wconf 85' lang='lat' dir='ltr'><strong><em>interpolaretur</em></strong></span> <span class='ocrx_word' id='word_1_53' title='bbox 806 1302 819 1368; x_wconf 88' lang='lat'><strong><em>,·</em></strong></span> <span class='ocrx_word' id='word_1_54' title='bbox 835 1328 844 1348; x_wconf 90' lang='lat'>.</span> <span class='ocrx_word' id='word_1_55' title='bbox 858 1329 868 1348; x_wconf 86' lang='lat'><strong>.</strong></span> <span class='ocrx_word' id='word_1_56' title='bbox 882 1329 891 1348; x_wconf 92' lang='lat'><strong>.</strong></span> <span class='ocrx_word' id='word_1_57' title='bbox 906 1280 1133 1368; x_wconf 71' lang='lat' dir='ltr'><strong><em>manifestum</em></strong></span> <span class='ocrx_word' id='word_1_58' title='bbox 1148 1289 1240 1349; x_wconf 89' lang='lat' dir='ltr'><strong><em>enim</em></strong></span> 
     </span>
     <span class='ocr_line' id='line_1_9' title="bbox 234 1405 1240 1494; baseline 0 -24"><span class='ocrx_word' id='word_1_59' title='bbox 234 1422 347 1493; x_wconf 64' lang='lat' dir='ltr'><strong><em>cesse,</em></strong></span> <span class='ocrx_word' id='word_1_60' title='bbox 369 1405 531 1494; x_wconf 65' lang='lat' dir='ltr'><strong><em>paraqnid</em></strong></span> <span class='ocrx_word' id='word_1_61' title='bbox 545 1405 792 1471; x_wconf 86' lang='lat' dir='ltr'><strong><em>contradicant</em></strong></span> <span class='ocrx_word' id='word_1_62' title='bbox 806 1405 998 1471; x_wconf 70' lang='lat' dir='ltr'><strong><em>doctissimi</em></strong></span> <span class='ocrx_word' id='word_1_63' title='bbox 1018 1409 1240 1494; x_wconf 76' lang='lat' dir='ltr'><strong><em>caeteroquin</em></strong></span> 
     </span>
     <span class='ocr_line' id='line_1_10' title="bbox 235 1523 1242 1613; baseline 0.006 -28"><span class='ocrx_word' id='word_1_64' title='bbox 235 1531 492 1613; x_wconf 67' lang='lat' dir='ltr'><strong><em>«interpretes,</em></strong></span> <span class='ocrx_word' id='word_1_65' title='bbox 512 1545 635 1591; x_wconf 88' lang='lat' dir='ltr'><strong><em>ueram</em></strong></span> <span class='ocrx_word' id='word_1_66' title='bbox 654 1525 837 1591; x_wconf 81' lang='lat' dir='ltr'><strong><em>tectionem</em></strong></span> <span class='ocrx_word' id='word_1_67' title='bbox 862 1526 973 1593; x_wconf 79' lang='lat' dir='ltr'><strong><em>solam</em></strong></span> <span class='ocrx_word' id='word_1_68' title='bbox 992 1544 1067 1592; x_wconf 86' lang='lat' dir='ltr'><strong><em>esse</em></strong></span> <span class='ocrx_word' id='word_1_69' title='bbox 1088 1525 1181 1592; x_wconf 74' lang='lat' dir='ltr'><strong><em>darec</em></strong></span> <span class='ocrx_word' id='word_1_70' title='bbox 1200 1523 1242 1592; x_wconf 79' lang='lat' dir='ltr'><strong><em>Se</em></strong></span> 
     </span>
     <span class='ocr_line' id='line_1_11' title="bbox 236 1645 1241 1734; baseline 0.004 -26"><span class='ocrx_word' id='word_1_71' title='bbox 236 1667 355 1712; x_wconf 66' lang='lat' dir='ltr'><strong><em>nona</em></strong></span> <span class='ocrx_word' id='word_1_72' title='bbox 370 1694 380 1712; x_wconf 92' lang='lat'><strong>.</strong></span> <span class='ocrx_word' id='word_1_73' title='bbox 395 1692 404 1712; x_wconf 87' lang='lat'><strong>.</strong></span> <span class='ocrx_word' id='word_1_74' title='bbox 420 1696 429 1711; x_wconf 94' lang='lat'><strong>.</strong></span> <span class='ocrx_word' id='word_1_75' title='bbox 445 1667 606 1713; x_wconf 71' lang='lat' dir='ltr'><strong><em>possessa</em></strong></span> <span class='ocrx_word' id='word_1_76' title='bbox 628 1667 759 1712; x_wconf 81' lang='lat' dir='ltr'><strong><em>rssrnr.</em></strong></span> <span class='ocrx_word' id='word_1_77' title='bbox 797 1645 970 1734; x_wconf 75' lang='lat' dir='ltr'><strong><em>Nepautis</em></strong></span> <span class='ocrx_word' id='word_1_78' title='bbox 992 1652 1097 1732; x_wconf 86' lang='lat' dir='ltr'><strong><em>enim,</em></strong></span> <span class='ocrx_word' id='word_1_79' title='bbox 1118 1649 1241 1732; x_wconf 85' lang='lat' dir='ltr'><strong><em>inquii,</em></strong></span> 
     </span>
     <span class='ocr_line' id='line_1_12' title="bbox 235 1767 1241 1858; baseline 0.001 -24"><span class='ocrx_word' id='word_1_80' title='bbox 235 1769 325 1834; x_wconf 83' lang='lat' dir='ltr'><strong><em>·nio</em></strong></span> <span class='ocrx_word' id='word_1_81' title='bbox 346 1773 487 1855; x_wconf 84' lang='lat' dir='ltr'><strong><em>sponsio</em></strong></span> <span class='ocrx_word' id='word_1_82' title='bbox 502 1773 564 1835; x_wconf 85' lang='lat' dir='ltr'><strong><em>est.</em></strong></span> <span class='ocrx_word' id='word_1_83' title='bbox 588 1768 705 1852; x_wconf 80' lang='lat' dir='ltr'><strong><em>Qerare</em></strong></span> <span class='ocrx_word' id='word_1_84' title='bbox 718 1772 755 1835; x_wconf 89' lang='lat' dir='ltr'><strong><em>iu</em></strong></span> <span class='ocrx_word' id='word_1_85' title='bbox 775 1789 803 1833; x_wconf 89' lang='lat' dir='ltr'><strong><em>c.</em></strong></span> <span class='ocrx_word' id='word_1_86' title='bbox 817 1767 868 1830; x_wconf 76' lang='lat'><strong><em>27.</em></strong></span> <span class='ocrx_word' id='word_1_87' title='bbox 885 1789 907 1833; x_wconf 96' lang='lat' dir='ltr'><strong><em>a</em></strong></span> <span class='ocrx_word' id='word_1_88' title='bbox 923 1769 1127 1858; x_wconf 76' lang='lat' dir='ltr'><strong><em>quidusdam</em></strong></span> <span class='ocrx_word' id='word_1_89' title='bbox 1143 1770 1241 1835; x_wconf 78' lang='lat' dir='ltr'><strong><em>libris</em></strong></span> 
     </span>
     <span class='ocr_line' id='line_1_13' title="bbox 235 1890 1240 1977; baseline 0.006 -28"><span class='ocrx_word' id='word_1_90' title='bbox 235 1894 358 1954; x_wconf 74' lang='lat' dir='ltr'><strong><em>«reete</em></strong></span> <span class='ocrx_word' id='word_1_91' title='bbox 379 1890 678 1976; x_wconf 81' lang='lat' dir='ltr'><strong><em>adestparticnia</em></strong></span> <span class='ocrx_word' id='word_1_92' title='bbox 700 1890 776 1956; x_wconf 81' lang='lat' dir='ltr'><strong><em>Non</em></strong></span> <span class='ocrx_word' id='word_1_93' title='bbox 797 1893 834 1956; x_wconf 91' lang='lat' dir='ltr'><strong><em>iu</em></strong></span> <span class='ocrx_word' id='word_1_94' title='bbox 864 1895 1015 1974; x_wconf 88' lang='lat' dir='ltr'><strong><em>repetita</em></strong></span> <span class='ocrx_word' id='word_1_95' title='bbox 1043 1895 1240 1977; x_wconf 76' lang='lat' dir='ltr'><strong><em>spernimus</em></strong></span> 
     </span>
     <span class='ocr_line' id='line_1_14' title="bbox 235 2007 945 2101; baseline 0.004 -29"><span class='ocrx_word' id='word_1_96' title='bbox 235 2008 446 2096; x_wconf 66' lang='lat' dir='ltr'><strong><em>1formada.·</em></strong></span> <span class='ocrx_word' id='word_1_97' title='bbox 477 2007 575 2093; x_wconf 77' lang='lat' dir='ltr'><strong><em>Quod</em></strong></span> <span class='ocrx_word' id='word_1_98' title='bbox 597 2013 711 2078; x_wconf 81' lang='lat' dir='ltr'><strong><em>nescio</em></strong></span> <span class='ocrx_word' id='word_1_99' title='bbox 733 2012 788 2075; x_wconf 88' lang='lat' dir='ltr'><strong><em>ubi</em></strong></span> <span class='ocrx_word' id='word_1_100' title='bbox 814 2012 945 2101; x_wconf 81' lang='lat' dir='ltr'><strong><em>legerit.</em></strong></span> 
     </span>
    </p>
   </div>
   <div class='ocr_carea' id='block_1_3' title="bbox 180 2167 1240 3330">
    <p class='ocr_par' dir='ltr' id='par_1_3' title="bbox 180 2167 1240 2744">
     <span class='ocr_line' id='line_1_15' title="bbox 233 2167 1239 2255; baseline 0.001 -20"><span class='ocrx_word' id='word_1_101' title='bbox 233 2170 310 2237; x_wconf 84' lang='lat' dir='ltr'><strong><em>Hac</em></strong></span> <span class='ocrx_word' id='word_1_102' title='bbox 332 2189 414 2235; x_wconf 89' lang='lat' dir='ltr'><strong><em>uero</em></strong></span> <span class='ocrx_word' id='word_1_103' title='bbox 442 2167 559 2236; x_wconf 80' lang='lat' dir='ltr'><strong><em>Raetii</em></strong></span> <span class='ocrx_word' id='word_1_104' title='bbox 588 2169 742 2237; x_wconf 83' lang='lat' dir='ltr'><strong><em>doctrina</em></strong></span> <span class='ocrx_word' id='word_1_105' title='bbox 770 2169 920 2236; x_wconf 80' lang='lat' dir='ltr'><strong><em>Beiemrs</em></strong></span> <span class='ocrx_word' id='word_1_106' title='bbox 948 2170 1033 2236; x_wconf 86' lang='lat' dir='ltr'><strong><em>adeo</em></strong></span> <span class='ocrx_word' id='word_1_107' title='bbox 1063 2170 1173 2255; x_wconf 82' lang='lat' dir='ltr'><strong><em>decipi</em></strong></span> <span class='ocrx_word' id='word_1_108' title='bbox 1202 2189 1239 2236; x_wconf 89' lang='lat' dir='ltr'><strong><em>se</em></strong></span> 
     </span>
     <span class='ocr_line' id='line_1_16' title="bbox 180 2284 1238 2378; baseline 0 -21"><span class='ocrx_word' id='word_1_109' title='bbox 180 2311 294 2375; x_wconf 77' lang='lat' dir='ltr'><strong><em>passus</em></strong></span> <span class='ocrx_word' id='word_1_110' title='bbox 308 2288 428 2378; x_wconf 73' lang='lat' dir='ltr'><strong><em>esi⁶¹),</em></strong></span> <span class='ocrx_word' id='word_1_111' title='bbox 449 2296 487 2356; x_wconf 91' lang='lat' dir='ltr'><strong><em>nt</em></strong></span> <span class='ocrx_word' id='word_1_112' title='bbox 510 2293 607 2358; x_wconf 87' lang='lat' dir='ltr'><strong><em>etiam</em></strong></span> <span class='ocrx_word' id='word_1_113' title='bbox 623 2291 666 2356; x_wconf 82' lang='lat' dir='ltr'><strong><em>A.</em></strong></span> <span class='ocrx_word' id='word_1_114' title='bbox 681 2286 984 2363; x_wconf 80' lang='lat' dir='ltr'><strong><em>cloiacccxxr.</em></strong></span> <span class='ocrx_word' id='word_1_115' title='bbox 1007 2284 1114 2371; x_wconf 81' lang='lat' dir='ltr'><strong><em>(satis</em></strong></span> <span class='ocrx_word' id='word_1_116' title='bbox 1129 2294 1238 2357; x_wconf 80' lang='lat' dir='ltr'><strong><em>tanen</em></strong></span> 
     </span>
     <span class='ocr_line' id='line_1_17' title="bbox 180 2397 1239 2502; baseline 0.002 -26"><span class='ocrx_word' id='word_1_117' title='bbox 180 2413 355 2502; x_wconf 77' lang='lat' dir='ltr'><strong><em>diuulgatis</em></strong></span> <span class='ocrx_word' id='word_1_118' title='bbox 373 2409 459 2480; x_wconf 80' lang='lat' dir='ltr'><strong><em>Gaii</em></strong></span> <span class='ocrx_word' id='word_1_119' title='bbox 473 2403 766 2494; x_wconf 82' lang='lat' dir='ltr'><strong><em>institutionibus)</em></strong></span> <span class='ocrx_word' id='word_1_120' title='bbox 784 2433 857 2480; x_wconf 88' lang='lat' dir='ltr'><strong><em>cum</em></strong></span> <span class='ocrx_word' id='word_1_121' title='bbox 873 2397 1135 2479; x_wconf 76' lang='lat' dir='ltr'><strong><em>emendationem</em></strong></span> <span class='ocrx_word' id='word_1_122' title='bbox 1151 2414 1239 2478; x_wconf 89' lang='lat' dir='ltr'><strong><em>iiiam</em></strong></span> 
     </span>
     <span class='ocr_line' id='line_1_18' title="bbox 181 2509 1240 2620; baseline 0.003 -23"><span class='ocrx_word' id='word_1_123' title='bbox 181 2543 239 2599; x_wconf 85' lang='lat' dir='ltr'><strong><em>inm</em></strong></span> <span class='ocrx_word' id='word_1_124' title='bbox 254 2540 393 2602; x_wconf 82' lang='lat' dir='ltr'><strong><em>caetera</em></strong></span> <span class='ocrx_word' id='word_1_125' title='bbox 408 2537 516 2600; x_wconf 88' lang='lat' dir='ltr'><strong><em>omnia</em></strong></span> <span class='ocrx_word' id='word_1_126' title='bbox 531 2509 706 2620; x_wconf 85' lang='lat' dir='ltr'><strong><em>probaret,</em></strong></span> <span class='ocrx_word' id='word_1_127' title='bbox 725 2536 827 2600; x_wconf 87' lang='lat' dir='ltr'><strong><em>muita</em></strong></span> <span class='ocrx_word' id='word_1_128' title='bbox 841 2537 938 2600; x_wconf 89' lang='lat' dir='ltr'><strong><em>etiam</em></strong></span> <span class='ocrx_word' id='word_1_129' title='bbox 954 2537 988 2599; x_wconf 89' lang='lat' dir='ltr'><strong><em>in</em></strong></span> <span class='ocrx_word' id='word_1_130' title='bbox 1003 2535 1240 2600; x_wconf 78' lang='lat' dir='ltr'><strong><em>adnotationes</em></strong></span> 
     </span>
     <span class='ocr_line' id='line_1_19' title="bbox 181 2645 1239 2744; baseline 0.001 -24"><span class='ocrx_word' id='word_1_131' title='bbox 181 2675 250 2722; x_wconf 85' lang='lat' dir='ltr'><strong><em>suas</em></strong></span> <span class='ocrx_word' id='word_1_132' title='bbox 260 2657 474 2740; x_wconf 78' lang='lat' dir='ltr'><strong><em>transferret,</em></strong></span> <span class='ocrx_word' id='word_1_133' title='bbox 488 2657 643 2744; x_wconf 87' lang='lat' dir='ltr'><strong><em>iliumque</em></strong></span> <span class='ocrx_word' id='word_1_134' title='bbox 657 2645 802 2722; x_wconf 82' lang='lat' dir='ltr'><strong><em>libellum</em></strong></span> <span class='ocrx_word' id='word_1_135' title='bbox 815 2658 864 2723; x_wconf 85' lang='lat' dir='ltr'><strong><em>sic</em></strong></span> <span class='ocrx_word' id='word_1_136' title='bbox 880 2655 1033 2722; x_wconf 80' lang='lat' dir='ltr'><strong><em>laudibus</em></strong></span> <span class='ocrx_word' id='word_1_137' title='bbox 1044 2657 1239 2722; x_wconf 85' lang='lat' dir='ltr'><strong><em>extolleret.</em></strong></span> 
     </span>
    </p>

    <p class='ocr_par' dir='ltr' id='par_1_4' title="bbox 239 2776 1239 2868">
     <span class='ocr_line' id='line_1_20' title="bbox 239 2776 1239 2868; baseline 0.006 -31"><span class='ocrx_word' id='word_1_138' title='bbox 239 2778 346 2844; x_wconf 70' lang='lat' dir='ltr'><strong><em>«Hae</em></strong></span> <span class='ocrx_word' id='word_1_139' title='bbox 361 2797 479 2846; x_wconf 78' lang='lat' dir='ltr'><strong><em>amices</em></strong></span> <span class='ocrx_word' id='word_1_140' title='bbox 491 2779 751 2846; x_wconf 84' lang='lat' dir='ltr'><strong><em>obseruationes</em></strong></span> <span class='ocrx_word' id='word_1_141' title='bbox 763 2783 1058 2868; x_wconf 80' lang='lat' dir='ltr'><strong><em>exquisitissimae</em></strong></span> <span class='ocrx_word' id='word_1_142' title='bbox 1070 2776 1239 2843; x_wconf 81' lang='lat' dir='ltr'><strong><em>debentur</em></strong></span> 
     </span>
    </p>

    <p class='ocr_par' dir='ltr' id='par_1_5' title="bbox 238 2898 1238 2989">
     <span class='ocr_line' id='line_1_21' title="bbox 238 2898 1238 2989; baseline 0.004 -30"><span class='ocrx_word' id='word_1_143' title='bbox 238 2900 437 2987; x_wconf 78' lang='lat' dir='ltr'><strong><em>«sircpadari</em></strong></span> <span class='ocrx_word' id='word_1_144' title='bbox 473 2901 662 2966; x_wconf 80' lang='lat' dir='ltr'><strong><em>emiditioui</em></strong></span> <span class='ocrx_word' id='word_1_145' title='bbox 697 2899 740 2966; x_wconf 75' lang='lat' dir='ltr'><strong><em>F.</em></strong></span> <span class='ocrx_word' id='word_1_146' title='bbox 767 2898 812 2970; x_wconf 80' lang='lat' dir='ltr'><strong><em>G.</em></strong></span> <span class='ocrx_word' id='word_1_147' title='bbox 843 2899 886 2966; x_wconf 77' lang='grc' dir='ltr'><strong><em>Ε.</em></strong></span> <span class='ocrx_word' id='word_1_148' title='bbox 914 2899 1048 2989; x_wconf 68' lang='lat' dir='ltr'><strong><em>uasta,</em></strong></span> <span class='ocrx_word' id='word_1_149' title='bbox 1086 2900 1238 2985; x_wconf 81' lang='lat' dir='ltr'><strong><em>collepae</em></strong></span> 
     </span>
    </p>

    <p class='ocr_par' dir='ltr' id='par_1_6' title="bbox 238 3021 1238 3109">
     <span class='ocr_line' id='line_1_22' title="bbox 238 3021 1238 3109; baseline 0.006 -29"><span class='ocrx_word' id='word_1_150' title='bbox 238 3026 387 3109; x_wconf 77' lang='lat' dir='ltr'><strong><em>«riustri,</em></strong></span> <span class='ocrx_word' id='word_1_151' title='bbox 410 3039 429 3085; x_wconf 89' lang='lat' dir='ltr'><strong><em>e</em></strong></span> <span class='ocrx_word' id='word_1_152' title='bbox 446 3026 544 3087; x_wconf 80' lang='lat' dir='ltr'><strong><em>carias</em></strong></span> <span class='ocrx_word' id='word_1_153' title='bbox 559 3021 816 3107; x_wconf 81' lang='lat' dir='ltr'><strong><em>elepautissimo</em></strong></span> <span class='ocrx_word' id='word_1_154' title='bbox 831 3025 1089 3109; x_wconf 78' lang='lat' dir='ltr'><strong><em>proprammate</em></strong></span> <span class='ocrx_word' id='word_1_155' title='bbox 1104 3024 1238 3086; x_wconf 80' lang='lat' dir='ltr'><strong><em>exteris</em></strong></span> 
     </span>
    </p>

    <p class='ocr_par' dir='ltr' id='par_1_7' title="bbox 239 3140 1237 3228">
     <span class='ocr_line' id='line_1_23' title="bbox 239 3140 1237 3228; baseline 0.003 -26"><span class='ocrx_word' id='word_1_156' title='bbox 239 3174 251 3200; x_wconf 73' lang='grc' dir='ltr'>ι</span> <span class='ocrx_word' id='word_1_157' title='bbox 262 3141 503 3228; x_wconf 78' lang='lat' dir='ltr'><strong><em>praiifiaainri</em></strong></span> <span class='ocrx_word' id='word_1_158' title='bbox 535 3140 622 3207; x_wconf 80' lang='lat' dir='ltr'><strong><em>isaeo</em></strong></span> <span class='ocrx_word' id='word_1_159' title='bbox 654 3143 895 3209; x_wconf 83' lang='lat' dir='ltr'><strong><em>delibanimus.</em></strong></span> <span class='ocrx_word' id='word_1_160' title='bbox 949 3141 1063 3225; x_wconf 78' lang='lat' dir='ltr'><strong><em>Quam</em></strong></span> <span class='ocrx_word' id='word_1_161' title='bbox 1095 3140 1237 3220; x_wconf 79' lang='lat' dir='ltr'><strong><em>corofnse</em></strong></span> 
     </span>
    </p>

    <p class='ocr_par' dir='ltr' id='par_1_8' title="bbox 238 3260 807 3330">
     <span class='ocr_line' id='line_1_24' title="bbox 238 3260 807 3330; baseline 0.004 -2"><span class='ocrx_word' id='word_1_162' title='bbox 238 3263 357 3329; x_wconf 80' lang='lat' dir='ltr'><strong><em>·lranc</em></strong></span> <span class='ocrx_word' id='word_1_163' title='bbox 378 3281 452 3328; x_wconf 85' lang='lat' dir='ltr'><strong><em>rem</em></strong></span> <span class='ocrx_word' id='word_1_164' title='bbox 473 3269 677 3329; x_wconf 80' lang='lat' dir='ltr'><strong><em>tractamut</em></strong></span> <span class='ocrx_word' id='word_1_165' title='bbox 698 3260 807 3330; x_wconf 82' lang='lat' dir='ltr'><strong><em>aiiii·</em></strong></span> 
     </span>
    </p>
   </div>
   <div class='ocr_carea' id='block_1_4' title="bbox 184 3422 1239 3996">
    <p class='ocr_par' dir='ltr' id='par_1_9' title="bbox 184 3422 1239 3732">
     <span class='ocr_line' id='line_1_25' title="bbox 234 3422 1237 3509; baseline -0.002 -20"><span class='ocrx_word' id='word_1_166' title='bbox 234 3424 321 3489; x_wconf 87' lang='lat' dir='ltr'><strong><em>Noui</em></strong></span> <span class='ocrx_word' id='word_1_167' title='bbox 345 3422 425 3488; x_wconf 85' lang='lat' dir='ltr'><strong><em>nihil</em></strong></span> <span class='ocrx_word' id='word_1_168' title='bbox 448 3425 596 3507; x_wconf 87' lang='lat' dir='ltr'><strong><em>memini,</em></strong></span> <span class='ocrx_word' id='word_1_169' title='bbox 626 3442 676 3488; x_wconf 88' lang='lat' dir='ltr'><strong><em>me</em></strong></span> <span class='ocrx_word' id='word_1_170' title='bbox 702 3422 791 3509; x_wconf 87' lang='lat' dir='ltr'><strong><em>apud</em></strong></span> <span class='ocrx_word' id='word_1_171' title='bbox 814 3423 967 3489; x_wconf 87' lang='lat' dir='ltr'><strong><em>Beierum</em></strong></span> <span class='ocrx_word' id='word_1_172' title='bbox 990 3426 1155 3504; x_wconf 81' lang='lat' dir='ltr'><strong><em>inuenire,</em></strong></span> <span class='ocrx_word' id='word_1_173' title='bbox 1185 3427 1237 3490; x_wconf 87' lang='lat' dir='ltr'><strong><em>eui</em></strong></span> 
     </span>
     <span class='ocr_line' id='line_1_26' title="bbox 186 3539 1239 3631; baseline 0.002 -23"><span class='ocrx_word' id='word_1_174' title='bbox 186 3539 327 3611; x_wconf 82' lang='lat' dir='ltr'><strong><em>Oreiiias</em></strong></span> <span class='ocrx_word' id='word_1_175' title='bbox 349 3551 466 3611; x_wconf 84' lang='lat' dir='ltr'><strong><em>noster</em></strong></span> <span class='ocrx_word' id='word_1_176' title='bbox 487 3565 595 3631; x_wconf 83' lang='lat' dir='ltr'><strong><em>neque</em></strong></span> <span class='ocrx_word' id='word_1_177' title='bbox 617 3543 757 3612; x_wconf 86' lang='lat' dir='ltr'><strong><em>credere</em></strong></span> <span class='ocrx_word' id='word_1_178' title='bbox 786 3544 917 3627; x_wconf 85' lang='lat' dir='ltr'><strong><em>debuit,</em></strong></span> <span class='ocrx_word' id='word_1_179' title='bbox 947 3565 1055 3631; x_wconf 88' lang='lat' dir='ltr'><strong><em>neque</em></strong></span> <span class='ocrx_word' id='word_1_180' title='bbox 1085 3548 1239 3612; x_wconf 81' lang='lat' dir='ltr'><strong><em>leciionis</em></strong></span> 
     </span>
     <span class='ocr_line' id='line_1_27' title="bbox 184 3666 804 3732; baseline -0.002 -2"><span class='ocrx_word' id='word_1_181' title='bbox 184 3669 257 3730; x_wconf 80' lang='lat' dir='ltr'><strong><em>scite</em></strong></span> <span class='ocrx_word' id='word_1_182' title='bbox 280 3666 472 3732; x_wconf 80' lang='lat' dir='ltr'><strong><em>uindicatae</em></strong></span> <span class='ocrx_word' id='word_1_183' title='bbox 494 3666 624 3731; x_wconf 84' lang='lat' dir='ltr'><strong><em>laudem</em></strong></span> <span class='ocrx_word' id='word_1_184' title='bbox 647 3667 804 3731; x_wconf 87' lang='lat' dir='ltr'><strong><em>tribuere.</em></strong></span> 
     </span>
    </p>

    <p class='ocr_par' dir='ltr' id='par_1_10' title="bbox 187 3787 1238 3996">
     <span class='ocr_line' id='line_1_28' title="bbox 236 3787 1238 3874; baseline -0.002 -20"><span class='ocrx_word' id='word_1_185' title='bbox 236 3789 414 3855; x_wconf 83' lang='lat' dir='ltr'><strong><em>Caeterum</em></strong></span> <span class='ocrx_word' id='word_1_186' title='bbox 437 3806 572 3873; x_wconf 89' lang='lat' dir='ltr'><strong><em>prauam</em></strong></span> <span class='ocrx_word' id='word_1_187' title='bbox 595 3789 682 3852; x_wconf 86' lang='lat' dir='ltr'><strong><em>iliam</em></strong></span> <span class='ocrx_word' id='word_1_188' title='bbox 704 3789 892 3867; x_wconf 86' lang='lat' dir='ltr'><strong><em>lectionem,</em></strong></span> <span class='ocrx_word' id='word_1_189' title='bbox 914 3807 934 3853; x_wconf 91' lang='lat' dir='ltr'><strong><em>a</em></strong></span> <span class='ocrx_word' id='word_1_190' title='bbox 956 3787 1133 3854; x_wconf 85' lang='lat' dir='ltr'><strong><em>Lemairio</em></strong></span> <span class='ocrx_word' id='word_1_191' title='bbox 1152 3810 1238 3874; x_wconf 76' lang='lat' dir='ltr'><strong><em>quio-</em></strong></span> 
     </span>
     <span class='ocr_line' id='line_1_29' title="bbox 187 3906 1238 3996; baseline 0.001 -25"><span class='ocrx_word' id='word_1_192' title='bbox 187 3928 237 3990; x_wconf 80' lang='lat' dir='ltr'><strong><em>que</em></strong></span> <span class='ocrx_word' id='word_1_193' title='bbox 258 3915 440 3994; x_wconf 83' lang='lat' dir='ltr'><strong><em>receptam,</em></strong></span> <span class='ocrx_word' id='word_1_194' title='bbox 461 3906 644 3993; x_wconf 80' lang='lat' dir='ltr'><strong><em>Ostander,</em></strong></span> <span class='ocrx_word' id='word_1_195' title='bbox 667 3908 885 3975; x_wconf 86' lang='lat' dir='ltr'><strong><em>Germanicus</em></strong></span> <span class='ocrx_word' id='word_1_196' title='bbox 902 3911 1078 3996; x_wconf 61' lang='lat' dir='ltr'><strong><em>interiisse,</em></strong></span> <span class='ocrx_word' id='word_1_197' title='bbox 1101 3916 1238 3976; x_wconf 76' lang='lat' dir='ltr'><strong><em>secunus</em></strong></span> 
     </span>
    </p>
   </div>
   <div class='ocr_carea' id='block_1_5' title="bbox 214 4214 615 4272">
    <p class='ocr_par' dir='ltr' id='par_1_11' title="bbox 214 4214 615 4272">
     <span class='ocr_line' id='line_1_30' title="bbox 214 4214 615 4272; baseline 0.007 -10"><span class='ocrx_word' id='word_1_198' title='bbox 214 4214 255 4272; x_wconf 81' lang='lat' dir='ltr'><strong><em>ii)</em></strong></span> <span class='ocrx_word' id='word_1_199' title='bbox 273 4217 304 4264; x_wconf 80' lang='lat' dir='ltr'><strong><em>ad</em></strong></span> <span class='ocrx_word' id='word_1_200' title='bbox 326 4215 376 4266; x_wconf 83' lang='lat' dir='ltr'><strong><em>ni.</em></strong></span> <span class='ocrx_word' id='word_1_201' title='bbox 396 4217 430 4265; x_wconf 88' lang='lat' dir='ltr'><strong><em>de</em></strong></span> <span class='ocrx_word' id='word_1_202' title='bbox 450 4215 553 4265; x_wconf 75' lang='lat' dir='ltr'><strong><em>Officiis</em></strong></span> <span class='ocrx_word' id='word_1_203' title='bbox 572 4218 615 4266; x_wconf 79' lang='lat' dir='ltr'><strong><em>iii.</em></strong></span> 
     </span>
    </p>
   </div>
   <div class='ocr_carea' id='block_1_6' title="bbox 0 0 1562 5046">
    <p class='ocr_par' dir='ltr' id='par_1_12' title="bbox 0 0 1562 5046">
     <span class='ocr_line' id='line_1_31' title="bbox 0 0 1562 5046; baseline 0 1"><span class='ocrx_word' id='word_1_204' title='bbox 0 0 1562 5046; x_wconf 95' lang='lat' dir='ltr'><strong><em> </em></strong></span> 
     </span>
    </p>
   </div>
  </div>
 </body>
</html>
