3114 5046
338 399 400 462 iiia
524 397 618 500 Gap.
638 400 698 475 11.
752 399 812 475 De
835 403 1024 476 audacte
1049 399 1223 471 lectionis

199 548 248 599 Gap.
255 548 290 590 ss.

170 623 246 678 pisto.
258 637 277 663 ι.
284 624 317 664 21.

465 602 598 665 tametsi
618 592 754 683 uerbis]
775 606 807 668 ai
827 601 959 667 uerbis:
982 598 1044 664 Pk.

214 763 236 776 -
284 747 318 786 as.
465 725 576 787 temen
597 713 790 804 sententia]
813 718 872 789 Sic
895 714 1075 796 emacem)

780 869 863 959 cap.
891 869 955 937 23.

169 1027 317 1083 ,amnne
338 1001 374 1086 S.
395 1008 446 1075 64.
468 1012 497 1076 si
519 1031 587 1076 non
608 1013 671 1077 sini
693 1003 879 1092 accedere]
909 1015 939 1078 si
965 1031 1033 1076 non
1054 1010 1118 1076 sinai
1141 1008 1345 1075 attenedcre:
1368 1007 1401 1072 Τ.

506 1124 579 1215 (At
609 1141 812 1220 expunctum
841 1137 894 1200 est
922 1152 995 1200 uoc.
1028 1131 1231 1219 admittere,
1269 1131 1400 1216 eiusque

506 1256 581 1322 nice
619 1257 653 1320 in
687 1258 839 1347 margine
867 1255 1046 1322 adiectum:
1083 1258 1176 1319 euim
1209 1257 1267 1319 sui
1304 1270 1399 1317 acce·

504 1367 621 1456 dere).
647 1415 686 1427 —
708 1379 848 1445 sienim
865 1381 921 1445 sui
938 1375 1116 1443 accedere:
1141 1375 1209 1458 Ap.
1231 1367 1297 1454 [ln
1315 1391 1397 1438 mar·

505 1499 585 1583 gine
607 1517 657 1584 pr.
680 1518 737 1563 m.:
758 1503 790 1567 ri
811 1518 881 1566 ιιοιι
902 1487 1080 1579 siut).²⁷²)

462 1610 619 1701 uterere]
642 1626 777 1687 uterer:
799 1611 933 1700 Mam)

208 2509 232 2519 ·-
280 2492 312 2535 ¹0.

462 1744 497 1806 et
519 1759 590 1807 cum
613 1731 729 1822 saxis]
752 1747 788 1807 et
808 1746 928 1808 raam:
953 1734 1146 1817 Omneu²⁷⁴i

462 1881 504 1930 ac
525 1865 598 1929 sine
620 1854 735 1943 ferro]
757 1859 816 1930 Sic
839 1854 1025 1943 omnesm)

461 1975 609 2066 fuerint]
629 1981 795 2070 fuerunt:
817 1983 884 2073 Pe,
905 1983 946 2068 k,
967 2003 1008 2049 m.
1023 1982 1051 2048 'l'
1066 1975 1141 2068 (pr.
1157 1973 1234 2063 m).
1250 1981 1317 2066 Aq.
1332 1976 1387 2044 iiia

211 2147 236 2156 .-
283 2126 313 2169 ιι
335 2096 369 2184 S.
392 2103 443 2170 65.
466 2097 712 2190 obtemperari]
735 2107 995 2193 obtemperare:
1018 2103 1091 2170 Ma

459 2219 626 2307 mirabar]
649 2229 876 2293 admirabar:
898 2225 961 2293 Pin

458 2347 502 2414 ad
520 2351 617 2413 istam
634 2339 881 2430 hortationem]
903 2346 947 2414 ad
962 2352 1036 2414 ista
1050 2350 1268 2413 oratiorum:
1290 2333 1386 2411 ΡΨ)

460 2460 643 2552 eiusmodi]
665 2469 882 2538 huiusmodi:
904 2469 967 2536 Pk.
988 2460 1106 2554 Nor.
1123 2457 1199 2549 ιιι).

367 2736 430 2802 271)
448 2736 535 2790 Isium
562 2747 589 2791 ei
607 2741 687 2791 ον.2.
709 2755 724 2792 e
747 2740 776 2787 P.
787 2742 836 2790 T.:

331 2830 463 2878 sententia
479 2834 577 2879 iumen.

367 2915 430 2983 272)
450 2917 555 2968 cecatus
569 2932 599 2969 er
614 2916 666 2966 Or·
680 2928 717 2983 ψ.
729 2933 736 2967 =
763 2919 839 2968 orici

334 3012 426 3059 «enim
443 3008 501 3061 sui:
517 3006 589 3070 quod
604 3022 635 3058 er
649 2991 837 3057 coniunctione

334 3098 470 3147 «duarum
497 3097 640 3147 lectionum
668 3097 777 3148 uidetur
795 3111 838 3148 cx·

333 3188 488 3238 astitisse-u
504 3212 534 3220 —
549 3187 636 3235 Klotz.
651 3192 678 3236 ei
692 3185 740 3236 Or.
752 3186 778 3234 2.
798 3199 839 3236 se·

333 3276 450 3327 cundum
467 3274 527 3338 Eri.
545 3281 571 3324 ei
583 3274 614 3323 P.
631 3275 661 3322 Τ.
676 3273 836 3325 ediderunt:

331 3378 387 3414 non
403 3366 471 3413 enim
492 3364 560 3423 sini,
592 3376 673 3426 quam
696 3363 837 3413 iectionem

331 3454 375 3503 iiie
389 3453 425 3515 (in
441 3450 568 3500 Emendd.
584 3451 652 3499 Tuti.
667 3464 693 3513 p.
709 3453 753 3502 15.
772 3459 799 3503 ei
811 3455 838 3501 in

333 3541 359 3589 d.
380 3539 469 3601 Praei.
490 3550 516 3598 p.
528 3535 641 3601 XXIX.)
655 3543 734 3590 eiiam
747 3540 838 3591 simili·

332 3628 424 3679 tudine
456 3626 600 3677 uerborum
636 3630 663 3676 in
697 3626 836 3686 c.1i‚3i.

332 3714 412 3769 «Non
434 3718 503 3766 enim
522 3723 546 3766 ie
574 3729 630 3766 rum
655 3729 751 3779 passus
772 3749 778 3762 .
800 3752 806 3765 .
828 3751 835 3764 .

334 3807 479 3870 «ingredi»
505 3805 553 3857 rei.
568 3805 695 3856 defendit.
710 3805 778 3855 iiiud
792 3806 837 3855 ad-

333 3895 384 3953 do,
414 3898 493 3946 etiarn
519 3898 624 3959 grauius
647 3894 836 3955 robustiusque

333 3983 433 4033 dicium
447 3986 590 4044 exsistere,
604 3986 642 4045 si,
662 3997 746 4046 quum
759 3993 838 4049 neget

334 4073 465 4123 Aebutius
478 4086 506 4123 se
520 4073 665 4131 deiecisse,
680 4074 748 4124 adeo
762 4086 836 4124 caus·

334 4177 378 4212 sae
392 4164 594 4224 argumentique
608 4162 664 4211 ioco
677 4162 726 4211 hoc
740 4168 834 4223 nonai,

337 4252 408 4312 quod
441 4264 492 4299 non
526 4263 616 4311 passus
650 4252 683 4298 sit
710 4250 836 4301 accedere

896 2741 1053 2800 Caecinam,
1078 2740 1200 2801 quamsi
1221 2733 1386 2787 tantummodo

895 2835 988 2893 neget,
1010 2828 1072 2878 inde
1092 2828 1161 2877 efflei
1178 2827 1360 2879 deiectionem·

929 2914 992 2982 273)
1010 2917 1172 2977 Ubicunque
1186 2917 1327 2969 maniiesia
1337 2915 1385 2965 eine

894 3006 965 3057 modi
977 3007 1097 3057 mendae
1112 3007 1230 3069 simoniis
1245 3005 1329 3056 Codd.
1341 3012 1384 3054 eac

895 3097 967 3156 tani,
981 3095 1076 3145 similia
1090 3097 1118 3144 in
1130 3095 1191 3144 aiiis
1202 3095 1302 3156 codd,
1320 3088 1383 3145 ueinti

894 3186 966 3248 apud
986 3185 1121 3243 liminium,
1144 3187 1333 3234 inueniuntur.

929 3272 991 3335 274)
1009 3274 1157 3325 Praeiiram
1176 3274 1223 3323 Or.
1234 3273 1272 3337 (i.
1282 3282 1309 3325 ei
1320 3268 1352 3334 2.)
1365 3271 1382 3316 ti

894 3364 981 3416 Xiotz.
995 3377 1025 3414 er
1038 3362 1095 3425 Eri.
1108 3368 1136 3413 et
1152 3362 1183 3412 P.
1191 3362 1222 3412 T.
1232 3360 1380 3424 receperant

929 3448 990 3513 275)
1020 3453 1106 3501 Klotz.
1140 3451 1224 3514 (coni.
1258 3451 1342 3514 Prisci.
1362 3456 1379 3505 i·

895 3539 1007 3603 xxix.)
1019 3547 1046 3591 et
1061 3540 1106 3590 Or.
1114 3541 1140 3588 2.
1156 3554 1187 3590 er
1202 3554 1256 3590 uuo
1270 3541 1301 3589 Ρ.
1310 3532 1380 3588 Μ

893 3644 974 3694 neque
980 3647 990 3689 ‚·
1006 3629 1234 3693 quemadmodum
1250 3629 1322 3690 apud
1334 3623 1378 3682 Sti·

894 3722 922 3769 in
933 3719 1022 3769 Attico
1039 3732 1063 3769 c.
1075 3720 1125 3779 25,
1135 3718 1162 3769 9.
1176 3745 1208 3753 —
1224 3718 1306 3770 Valde
1319 3720 1377 3766 incer

895 3815 962 3859 ium.

929 3894 991 3960 276)
1032 3897 1177 3947 Lambinus
1208 3883 1377 3947 commendaui

895 3988 1056 4041 orationem,
1088 3985 1169 4035 iiim.
1192 3985 1291 4036 Brutus
1311 3981 1375 4033 rotem

894 4077 1034 4124 rationem.
1073 4074 1126 4125 Sed
1158 4077 1253 4125 merito
1290 4064 1374 4128 i'rdidi

895 4164 1052 4223 praemaluit.
