3114 5046
120 326 160 403 ς.
184 313 225 387 3.
262 310 324 388 De
339 317 626 413 possessionen
643 311 857 389 untditione
874 315 1064 392 bonorum.
1090 315 1131 379 ⁷5

67 503 262 589 priusquam
286 502 540 586 addicerentur,
572 520 705 588 semper
732 501 894 569 Praetore
915 503 1008 570 adito
1028 508 1130 592 atque
1165 504 1270 547 “¹³⁶⁰-

66 628 208 690 auctore
237 624 329 689 iacto
360 643 445 709 opus
477 624 577 689 fucrit
593 615 647 706 ¹⁵),
681 642 724 688 an
753 628 833 690 tunc
860 625 1030 691 solumad
1053 645 1126 692 eam

66 764 135 810 rem
159 745 334 811 Praetoris
356 745 497 810 osticium
520 743 629 810 denuo
649 746 884 834 interuenerit,
911 764 984 812 cum
1006 751 1064 813 aut
1087 748 1129 815 dc

67 871 220 967 emptore
252 864 408 955 eligendo
439 868 497 931 nut
529 867 595 930 alia
628 865 670 931 dc
701 884 756 955 re,
791 885 876 953 quae
906 865 1129 934 addictionem

66 992 258 1072 spectaret,
290 988 520 1053 controuersia
542 990 622 1052 nata
644 992 733 1052 essct
754 982 802 1061 ¹⁶).
844 986 929 1054 Num
951 986 1130 1074 quodcun-

67 1129 131 1192 que
160 1112 235 1175 eius
268 1110 404 1198 generis
438 1111 607 1174 certamen
639 1106 681 1173 de
709 1107 903 1196 peragenda
935 1108 1130 1177 uenditionc

66 1234 156 1297 inter
177 1227 364 1296 creditores
385 1230 561 1315 existeret,
582 1227 615 1292 id
638 1228 835 1295 aPraetore
856 1247 977 1296 caussa
991 1233 1130 1320 cognita

67 1353 335 1437 interpositoque
367 1349 503 1417 decreto
536 1348 749 1414 dirimendum
788 1349 893 1416 tuisse
912 1346 971 1437 ¹⁷),
1006 1353 1128 1418 nullam

65 1475 188 1558 recipit
211 1472 458 1538 dubitationem.

126 1631 306 1697 Caeterum
329 1628 524 1695 admonendi
547 1648 675 1713 sumus,
696 1628 771 1694 dum
794 1629 882 1694 bona
903 1632 1043 1716 emptori
1063 1631 1129 1697 ad-

67 1753 158 1820 dicta
181 1757 313 1833 essent,
346 1769 451 1835 usque
480 1749 662 1817 debitorem
693 1752 779 1815 omni
807 1752 967 1817 bonorum
994 1772 1127 1817 suorum

68 1879 101 1938 et
123 1873 342 1958 possessione
363 1874 399 1936 et
421 1871 612 1936 uenditione
633 1872 767 1938 liberari
788 1873 939 1957 soluique
968 1874 1129 1958 potuisse,

65 1994 243 2060 dummodo
264 1992 484 2060 creditoribus
505 1996 563 2058 aut
576 1968 775 2079 satisfieret,
797 1997 855 2058 aut
873 1996 960 2058 iusta
976 1991 1127 2059 defensio

66 2119 134 2181 siue
165 2117 210 2181 ab
240 2115 314 2200 ipso
347 2116 418 2180 siue
446 2133 467 2179 c
496 2114 644 2199 quolibet
672 2115 738 2179 aiio
768 2113 955 2180 offerretur.
998 2114 1129 2181 licien-

66 2241 191 2302 sionem
214 2239 342 2317 autem,
374 2237 446 2301 siue
467 2254 529 2320 pro
558 2234 690 2300 domino
722 2238 935 2320 procurator,
967 2239 1038 2302 siue
1064 2235 1130 2300 do-

67 2362 172 2423 minus
193 2377 256 2422 suo
279 2358 408 2421 nomine
429 2355 581 2421 iudicium
603 2358 757 2441 accipere
778 2361 917 2442 paratus
938 2362 1043 2441 esset,
1065 2358 1128 2422 nisi

68 2478 232 2545 satisdato
260 2480 379 2544 iustam
407 2480 471 2543 iam
499 2476 564 2543 boc
594 2479 743 2562 tempore
771 2468 826 2558 (b.
847 2496 878 2543 e.
906 2480 1128 2544 anterioribus

44 2589 129 2666 'iltis
159 2601 303 2690 triginta
331 2598 447 2666 diebus
477 2589 624 2685 elapsis)
646 2600 770 2664 nullam
792 2599 916 2683 fuisse,
951 2596 1127 2665 indubitati

71 2724 145 2788 iuris
168 2727 223 2788 est
239 2717 289 2796 ¹⁸).

101 3029 142 3082 15)
170 3027 272 3078 Stiebrr
300 3026 320 3076 i.
348 3026 367 3076 i.
400 3041 427 3091 p.
455 3025 498 3076 cc.
532 3026 568 3075 ita
626 3032 758 3076 «meunt
778 3025 918 3086 debitoris,
942 3028 973 3076 tn
992 3039 1128 3089 eompara-

74 3118 192 3180 rertpsit:
213 3115 363 3178 «Magister
383 3114 426 3174 ei,
447 3115 493 3178 qui
512 3114 569 3177 piu·
625 3116 744 3164 stionem
761 3116 880 3164 extranei
895 3119 919 3164 ct
941 3116 996 3165 sius
1011 3117 1058 3178 qui
1073 3128 1127 3165 crs·

75 3205 189 3254 «riuum
219 3203 370 3262 obtulerat,
398 3203 469 3253 baud
488 3204 569 3254 dubie
625 3204 722 3252 aditor
738 3208 895 3267 copnoturuc
910 3203 962 3259 sit,
980 3204 1069 3265 potior
1081 3204 1127 3253 bu·

75 3307 181 3343 smrsus
210 3293 397 3342 consentiente
424 3297 450 3340 at
478 3291 569 3340 decer·
626 3291 720 3340 «betur
735 3291 848 3339 creditor
859 3293 1128 3356 eopnaiusuctnsupis

74 3388 169 3434 ruente
192 3382 319 3431 Praetorc
345 3380 415 3429 bona
440 3379 568 3429 debitoris
626 3385 737 3428 stamen
758 3379 963 3441 crediturquom
980 3386 1125 3444 copnotur,

73 3471 260 3524 addicebat.»
296 3468 427 3519 Similiter
439 3469 569 3517 Zimrnern
626 3471 674 3514 art
692 3466 762 3513 inter
779 3465 920 3515 creditores
928 3469 1019 3528 potior
1034 3469 1066 3526 ir,
1086 3469 1128 3517 cut

72 3560 124 3611 1.).
144 3577 171 3625 p.
192 3559 255 3609 25³.
292 3556 391 3608 Contra
410 3570 475 3606 uero
494 3557 569 3606 Betit-
625 3554 733 3602 «maior
744 3554 858 3614 pecunie
874 3553 1033 3603 debebitur.»

71 3647 277 3711 mfloiiaorp
295 3644 456 3707 1.).ρ.301).
483 3644 570 3708 Puppi
661 3641 703 3695 i'ii
722 3638 802 3690 Coni.
823 3639 854 3690 Ι..
873 3640 900 3689 8.
920 3638 992 3703 §.b
1030 3641 1124 3692 1..15.

73 3736 91 3786 i.
105 3736 125 3788 1.
144 3760 178 3775 -
216 3732 373 3796 stropium
398 3733 567 3782 indistincte:
624 3729 663 3779 Dc
683 3730 742 3778 rob.
757 3733 859 3776 auctor.
879 3728 934 3777 iud.
953 3742 996 3791 po.

74 3832 151 3876 stass
164 3825 358 3889 patrimonium
385 3822 496 3883 emptori
518 3822 570 3870 od·
660 3814 703 3878 18)
723 3817 982 3877 Argumeutoruut:
997 3818 1126 3868 uniuersa

77 3914 252 3965 emur.»
625 3918 720 3955 caussa
735 3904 912 3966 Quinctiana,
931 3904 1046 3955 formula
1066 3906 1127 3956 Edi·

106 4002 148 4053 idt
175 4000 206 4051 t.
237 3999 280 4050 id.
317 3998 356 4048 Ite
383 3997 441 4047 reb.
464 4003 565 4047 auctor.
624 3994 659 4043 cti
679 3995 706 4042 iu
726 4007 749 4042 c.
767 3991 794 4042 8.
812 3992 922 4042 recitata
947 3994 1020 4050 (uide
1044 4007 1125 4056 supra

80 4090 185 4154 iudpo.
222 4085 374 4150 (Goiurttb.
393 4085 437 4135 ut.
455 4086 491 4135 od
507 4085 568 4133 Edi·
625 4081 709 4145 p.'13.
730 4086 785 4131 not.
805 4081 833 4130 ’1.
856 4083 950 4142 estc),
976 4082 1058 4132 Gutus
1072 4082 1124 4141 111,

82 4183 140 4226 etum
169 4172 344 4240 prouirtcioie)
383 4174 469 4224 «Cum
502 4173 569 4223 borso
624 4170 686 4231 tc,
706 4170 735 4221 L·
753 4166 839 4232 (M.
856 4171 881 4220 1.
902 4170 940 4220 Dc
955 4170 1006 4220 rab.
1021 4174 1123 4219 auctor.
