3114 5046
335 385 376 446 52
440 382 535 486 Cap.
561 384 595 460 1.
647 383 717 459 De
733 388 819 459 iure
846 409 1006 460 cartesae
1034 384 1300 473 Quinctianae.

169 578 315 687 3332:-
399 571 493 656 Quae
515 573 659 661 dentque
685 592 826 640 causam
853 594 984 664 omnes,
1021 594 1116 662 qaam
1145 576 1212 640 sint
1235 578 1270 640 et
1299 575 1404 640 alite

335 697 510 782 proposita
536 697 776 780 alienissimae,
808 699 842 760 et
872 715 932 781 pro
966 697 1128 762 communi
1165 697 1403 783 exceptionum

335 820 454 883 natura
485 817 529 883 ad
566 817 822 884 confirmandam
856 819 1005 906 regulam
1039 819 1255 904 aptissimae,
1290 817 1403 903 palam

335 943 387 1004 est
410 941 610 1028 intelligere.

398 1097 501 1164 Mitto
532 1101 678 1164 caetera.
737 1097 821 1163 Nam
852 1100 914 1164 etsi
941 1098 1104 1187 grauibus
1138 1098 1267 1182 aliquot
1303 1095 1404 1161 nodis

333 1220 533 1304 implicatam
562 1238 636 1283 esse
670 1217 767 1283 uideo
789 1219 871 1284 iuris
892 1220 1000 1302 lilius,
1037 1217 1126 1303 quod
1148 1216 1190 1283 de
1212 1218 1403 1283 absentiam

333 1341 430 1406 bonis
453 1338 664 1425 possidendis
686 1339 935 1425 uendendisqne
950 1340 1116 1420 obtinuit,
1138 1337 1404 1423 Edictorumque

334 1466 412 1548 post
444 1457 617 1528 Ciceronis
647 1464 790 1527 aetatem
821 1460 863 1527 de
886 1480 928 1526 ea
948 1479 985 1526 re
1007 1460 1267 1544 compositorum
1290 1459 1404 1524 histo-

333 1575 480 1669 rtam²⁰),
512 1584 609 1647 nobis
639 1585 749 1648 tamen
778 1582 842 1648 hoc
871 1582 946 1647 loeo
974 1582 1058 1646 satis
1086 1583 1138 1645 est
1168 1581 1404 1666 intellexisse,

332 1702 414 1768 nillil
442 1702 520 1769 tnde
553 1703 776 1788 impedimenti
811 1705 979 1785 existere,
1015 1704 1189 1786 quominus
1221 1700 1265 1765 ad
1296 1702 1404 1786 ipsius

333 1825 430 1889 huius
452 1827 611 1890 orationis
634 1830 783 1890 tenorem
805 1840 986 1908 sanamque
1008 1823 1322 1919 interpretationem
1347 1823 1403 1886 iu-

332 1944 450 2012 dicium
473 1950 621 2010 nostrum
645 1947 848 2035 dirigamus,
870 1963 910 2010 ac
926 1947 1107 2030 propterea
1129 1946 1258 2010 retecto
1282 1945 1403 2008 latita-

331 2071 433 2131 tionls
455 2069 565 2151 capite
598 2066 779 2131 firmissime
808 2067 904 2130 nobis
933 2064 1209 2151 persuadeamus,
1247 2082 1291 2129 ex
1315 2085 1403 2149 qua-

332 2191 408 2252 tuor
438 2188 503 2251 illis
532 2186 641 2252 Edicti
672 2189 802 2252 caussis
830 2185 918 2251 hanc
941 2205 1037 2250 unam
1063 2182 1130 2267 Qut
1153 2205 1282 2250 nassas
1305 2205 1402 2250 auur-

332 2327 386 2372 oro
408 2325 575 2371 unrexsos
603 2326 668 2370 soa
698 2325 823 2371 ronam
851 2308 939 2372 inter
965 2306 1126 2372 Naeuium
1149 2311 1183 2372 ct
1207 2303 1403 2388 Quinctium

333 2430 494 2516 agitatam
518 2427 630 2491 fuisse.

337 2648 340 2654 .
394 2585 688 2650 'Verumentmuero
711 2584 871 2652 hocloco
894 2604 1014 2650 nouum
1036 2585 1310 2652 aduersariorum
1332 2604 1403 2674 ge-

334 2726 397 2771 nus
418 2707 547 2771 obuiam
571 2709 672 2769 uenit.

395 2823 484 2891 Sunt
507 2829 592 2891 enim
615 2819 723 2907 (sicut
739 2830 801 2892 iam
816 2846 918 2912 supra
933 2820 1165 2912 praemonui),
1186 2828 1243 2911 qui
1265 2830 1403 2891 omnino

288 2981 289 2984 ¹
331 2952 501 3031 statuant,
523 2967 564 3012 cx
581 2955 723 3031 quatuor
745 2950 810 3012 tttts
825 2947 936 3013 Edicit
959 2950 1118 3013 clausulis
1140 2951 1173 3012 in
1195 2947 1261 3014 huc
1278 2967 1403 3013 caussa

333 3069 413 3132 nulll
449 3069 555 3133 locum
592 3068 717 3151 fuisse,
753 3087 859 3152 neque
889 3065 1076 3148 Quinotium
1110 3071 1171 3132 nlst
1200 3071 1404 3135 rtadtmoaii

333 3188 464 3253 deserti
484 3192 543 3253 aut
563 3189 662 3271 culpa
683 3191 741 3253 aut
763 3190 897 3255 erimine
915 3188 1098 3253 laborasse.

397 3341 501 3426 Quam
524 3348 722 3411 sententiam
754 3346 884 3409 tametsi
915 3362 956 3409 ex
980 3344 1078 3409 huius
1101 3347 1267 3411 orationis
1291 3351 1406 3414 inter.

333 3466 483 3552 pretlbus
504 3486 602 3531 unum
628 3465 808 3532 Klotzium
830 3464 927 3530 uideo
957 3464 1115 3532 distincte
1141 3466 1405 3553 protulisse²¹)‚

327 3792 389 3842 267.
427 3790 700 3855 Buttmann-flottam
719 3789 737 3838 i·
757 3803 781 3839 c.
800 3786 830 3851 ὅ.
922 3790 966 3844 20)
985 3788 1168 3840 Conseruntur
1186 3791 1259 3842 inter
1280 3806 1311 3843 se
1331 3807 1405 3858 quae

327 3880 372 3931 ill.
393 3895 419 3943 p.
439 3880 501 3929 28⁴.
525 3904 551 3914 -
593 3878 661 3926 lllud
679 3890 746 3928 uero
765 3878 830 3927 mihi
887 3890 968 3940 supra
986 3877 1105 3940 allegant
1124 3879 1153 3927 in
1172 3885 1237 3929 nom
1258 3881 1302 3932 15.

327 3974 433 4018 constat
451 3967 532 4030 tquod
552 3965 676 4015 hocloco
693 3966 829 4024 satiseott,
922 3965 968 4023 at)
991 3960 1074 4016 ade.
1094 3966 1120 4015 o.
1146 3967 1173 4016 7.
1205 3965 1247 4029 (in
1277 3975 1404 4020 extrema

326 4056 439 4118 simplex
465 4055 595 4103 ciceronio
626 4059 712 4102 aetate
744 4051 828 4101 ildietl
886 4055 964 4106 notul
996 4059 1022 4101 et
1053 4067 1077 4102 c·
1111 4054 1154 4104 ta.
1212 4054 1404 4108 Conseruntur

326 4145 369 4193 ius
389 4153 528 4203 unumque
547 4138 613 4188 illud
632 4139 733 4199 luisse,
757 4140 828 4202 quod
884 4140 1021 4190 Manutius
1039 4147 1063 4190 et
1084 4141 1255 4193 Faceiointna
1273 4146 1307 4195 ad
1333 4161 1359 4196 c.
1373 4147 1400 4196 7.

325 4232 454 4292 deinceps
474 4228 710 4278 demonstrabitur.
