3114 5046
336 360 398 424 sii
451 357 546 460 Gap.
566 359 600 434 i.
653 357 714 434 De
739 363 824 435 iure
851 383 1011 435 causaue
1038 357 1265 437 aneaaim

169 546 314 600 Vim·
397 562 564 626 inoertum
587 558 729 646 denique
750 558 831 624 iilud
853 563 923 643 ost,
953 558 1085 644 quando
1107 559 1246 644 primum

181 605 314 648 uium-

180 661 248 703 “⁰‘¹'·
333 681 401 746 rint
421 681 526 747 eerds
547 680 590 747 de
611 681 742 748 massis
769 680 873 747 uerba
894 701 929 746 ru
950 700 1017 747 soc
1037 699 1147 762 auno,
1178 699 1246 766 ‘1¹¹⁰

332 804 527 890 tuumessot
540 801 773 888 interdictum,
793 803 893 867 missa
915 801 1049 868 faeere:
1071 803 1195 887 quippe
1209 800 1265 869 im

331 923 395 992 hoo
410 943 473 990 usu
486 925 619 989 uenisse
634 941 776 990 neeesse
793 927 867 1006 est,
890 941 933 989 ex
954 942 1018 1008 quo
1034 926 1183 1007 tempore
1197 924 1265 989 etia

330 1062 451 1111 anuum
462 1044 735 1130 interdicebatur,
749 1043 923 1110 dummodo
933 1043 978 1111 ud
990 1062 1075 1132 eun,
1089 1045 1144 1129 qui
1156 1045 1190 1110 ui
1200 1042 1265 1111 deii

329 1165 453 1253 ailquid
475 1167 697 1252 peruenisset
705 1160 742 1244 ³⁶)
789 1164 936 1250 Propter
957 1164 1044 1233 huno
1063 1183 1146 1233 uero
1166 1166 1265 1233 aiiasr

329 1292 422 1355 tasse
443 1306 584 1378 magnas
614 1291 650 1353 et
682 1290 790 1354 iustus
817 1306 956 1356 caussas
978 1283 1158 1355 flammata
1188 1288 1253 1354 iam

328 1409 511 1476 Praetores
541 1408 720 1496 anquando
747 1409 942 1477 tantundem
979 1411 1023 1478 ab
1058 1408 1181 1476 Edicto
1216 1407 1265 1477 uu

328 1529 579 1618 haudquaquam
599 1530 793 1598 incredibile
814 1536 877 1599 est.

390 1649 465 1733 Qua
491 1651 534 1719 de
562 1670 601 1718 re
627 1652 798 1718 audiamus
830 1651 1034 1740 Ulpiorum,
1067 1655 1178 1739 quiin
1199 1653 1265 1723 uir

325 1774 368 1840 ud
392 1767 592 1855 iddiutum³⁷i
613 1773 698 1842 haee
717 1775 847 1840 retulit:

390 1894 576 1965 «luituram
597 1897 734 1979 scribit,
752 1898 783 1961 si
802 1897 890 1962 alter
912 1917 1090 1984 possessor
1105 1903 1265 1984 prouooet

389 2017 506 2085 «dieat
526 2037 600 2085 eum
620 2021 659 2085 ui
684 2018 876 2106 possidere,
912 2037 979 2084 non
1001 2018 1124 2086 debere
1146 2019 1212 2088 hoa
1231 2021 1265 2086 iu

386 2131 481 2222 (scii
504 2140 666 2207 communi
688 2131 893 2220 diuidundo]
917 2140 1030 2229 nduri,
1061 2160 1125 2208 iseo
1144 2146 1226 2230 post
1252 2164 1265 2209 ι

387 2261 573 2350 «pridem
594 2263 678 2351 quta
695 2260 842 2347 placuit,
863 2267 972 2329 eiiam
984 2268 1065 2351 pout
1083 2282 1216 2331 mutuum
1228 2268 1265 2333 iu

387 2384 471 2472 aqui
492 2386 531 2449 ui
551 2381 694 2474 deiecit,
715 2382 942 2450 iruerdatum
965 2385 1075 2451 reddi
1098 2384 1142 2451 iat
1170 2386 1199 2450 si
1228 2404 1265 2472 pr

386 2492 564 2591 ⁸(inquit)
585 2502 675 2579 dieat
696 2522 769 2572 aum
794 2504 988 2591 possidere,
1016 2505 1126 2575 adhue
1150 2508 1265 2577 cosmi

386 2655 398 2686 ι
412 2623 583 2709 iudicium,
596 2627 676 2711 quia
692 2628 727 2692 et
737 2624 780 2692 de
792 2628 946 2710 precario
960 2626 1265 2695 interdictumdatm

386 2751 445 2813 net
456 2749 485 2813 si
497 2747 582 2817 elam
597 2746 728 2814 dicatur
743 2747 916 2834 possidere
932 2751 987 2834 qui
1004 2753 1183 2835 prouocat,
1204 2749 1265 2818 dio

384 2888 485 2937 ,ωε
503 2872 564 2955 uit,
583 2887 720 2939 oeasue
741 2869 805 2938 hoe
825 2869 1054 2938 interdictum:
1076 2890 1151 2938 nam
1174 2870 1216 2938 de
1238 2873 1265 2942 oi

384 2993 498 3060 atina
525 2993 741 3077 possessione
762 2995 952 3076 competere
974 2991 1186 3059 interdictum
1207 2994 1266 3083 inq

319 3226 512 3288 «proponitur,
530 3225 577 3288 qui
588 3225 649 3276 doio
658 3225 729 3276 muto
741 3226 816 3289 saei,
877 3228 927 3275 «iu
940 3226 1080 3287 sepulchro
1094 3230 1122 3277 ui
1135 3231 1183 3277 aut
1200 3227 1265 3280 aiam

319 3328 394 3379 aquo
408 3316 467 3376 quia
479 3316 558 3365 umis
571 3314 752 3366 deiieoratur»
767 3313 816 3366 rei.
874 3319 938 3365 «est
950 3314 993 3366 uei
1012 3315 1040 3365 iu
1059 3314 1151 3367 abdita
1167 3316 1219 3368 aiio
1238 3316 1264 3371 to

351 3399 395 3465 aa)
414 3401 475 3464 Quo
494 3400 568 3462 ioco,
587 3402 664 3452 sieuti
682 3406 753 3453 reaia
769 3400 817 3452 Su·
874 3408 924 3453 uae
938 3405 961 3453 si
980 3404 1029 3453 aab
1053 3410 1123 3455 tarra
1143 3406 1222 3458 derat
1244 3418 1265 3468 ⁰ss

315 3490 403 3539 ninius
420 3484 481 3552 (1.1.
495 3501 522 3550 p.
536 3485 611 3553 515.)
623 3491 736 3550 monuit,
749 3501 816 3540 sam·
874 3490 945 3539 «snb
960 3504 1031 3553 aqua
1048 3493 1092 3546 uei
1108 3494 1197 3546 eioaaa
1215 3494 1265 3559 aiiq

317 3588 364 3637 par
378 3578 402 3627 ia
419 3577 528 3639 quicum
549 3579 635 3640 agitur
655 3576 813 3638 habebatur,
872 3584 966 3630 uotum
996 3583 1046 3640 sii;
1079 3584 1159 3633 etiam
1184 3589 1250 3646 poet

315 3665 362 3717 ubi
375 3678 406 3716 ar
419 3665 447 3716 ui
459 3678 508 3717 aua
520 3667 600 3717 utiam
615 3671 679 3716 tune
697 3667 814 3728 possida-
872 3680 987 3720 «caussa
1006 3673 1110 3734 cognita
1138 3676 1265 3735 competit

315 3754 404 3806 bat-
415 3754 455 3806 lio
463 3753 713 3808 iiioiurauideiuiru
722 3754 812 3818 11321.
871 3757 992 3810 «dietum
1008 3759 1042 3811 da
1063 3772 1095 3811 eo
1114 3761 1186 3823 quod
1205 3761 1265 3815 iaus

349 3842 393 3908 37)
412 3844 443 3894 L.
463 3844 491 3894 ’1.
510 3841 541 3909 §-
554 3845 581 3896 ὅ.
604 3844 708 3896 comm.
728 3844 811 3896 diuid.
872 3845 1066 3899 «Numanum
1078 3852 1265 3916 capuanum

314 3931 391 3983 Coni-
412 3932 442 3982 1..
463 3933 506 3985 15.
530 3930 560 3998 ἕ.
581 3935 606 3984 5.
632 3934 710 3997 Quod
724 3935 750 3984 ui
768 3940 814 3984 aui
872 3936 1036 3999 «ceptionem
1046 3939 1254 4001 rummandum,

313 4020 389 4071 aum.
409 4018 572 4085 (Ulpianus)
609 4022 685 4074 used
699 4025 720 4073 ai
737 4026 758 4073 is
778 4024 811 4074 sit
870 4037 992 4087 «mapsa
1009 4030 1032 4075 at
1047 4026 1120 4076 iuria
1135 4030 1265 4096 comana]

313 4108 425 4168 «iocus,
445 4112 472 4158 iu
492 4122 544 4171 quo
558 4124 623 4172 opus
636 4111 733 4163 iactum
755 4118 809 4170 est,
870 4115 945 4163 «tias
957 4115 1171 4169 interueniente.»
1191 4116 1265 4170 Cani

314 4200 381 4261 «qui
400 4197 475 4248 iueiie
497 4211 550 4250 uon
563 4200 696 4257 adiretur,
718 4206 810 4263 utputa
867 4201 893 4250 d.
914 4202 940 4250 o.
962 4202 1024 4253 idid.
