3112 5056
273 403 313 481 5.
337 391 380 466 d.
432 385 614 490 Defmsio
640 386 731 463 Non
754 387 874 463 deieci
891 389 960 463 sed
981 390 1118 465 obstet
1172 388 1235 454 888

174 595 204 657 in
221 589 443 658 recensendis
465 588 628 680 gredbns
651 589 900 675 generibusque
926 589 1151 673 possessionis
1173 605 1235 653 en-
1253 594 1405 694 ww

173 732 309 798 rumque
334 731 462 792 rerum,
492 729 578 797 quoe
598 711 706 775 instar
722 710 847 775 babent
869 709 1112 794 possessionis,
1147 710 1236 774 iutro

172 834 358 900 nstureien
390 836 638 919 possessionem
668 833 938 898 detentioneuue
964 850 1138 918 numquem
1174 833 1239 899 de-

170 954 386 1023 scenderunt

232 1072 308 1143 Sed
329 1079 437 1141 omnis
460 1076 544 1142 boec
564 1094 686 1142 cnussn
705 1075 815 1140 sitene
837 1075 917 1161 tuit,
955 1094 1022 1140 non
1044 1074 1152 1141 dicent
1173 1071 1239 1142 Oi-

172 1203 310 1265 ceronie
335 1202 471 1284 nctuie,
500 1200 536 1263 st
558 1196 745 1262 interdicto
770 1196 813 1261 de
835 1201 873 1262 ni
894 1195 1088 1263 bominibus
1109 1200 1242 1263 conctis

173 1323 387 1407 meone,
423 1337 489 1404 quo
514 1321 585 1383 iure
620 1320 701 1384 tunc
733 1320 951 1383 constitutum
978 1318 1051 1382 tuit
1105 1315 1180 1400 Quo
1205 1321 1240 1384 in

174 1440 356 1507 interdicto
382 1458 479 1525 quum
498 1440 692 1524 possedisse
723 1444 878 1505 actorem
903 1458 971 1504 non
997 1442 1242 1524 requireretur,

175 1563 369 1628 necessario
406 1562 557 1646 quaestio
589 1560 775 1645 oriebatur,
817 1579 988 1650 quionsque
1015 1559 1151 1626 tandem
1177 1558 1242 1628 boc

177 1683 390 1750 interdictum
412 1700 479 1748 non
501 1680 687 1767 possidenti
710 1685 933 1766 competeret,
960 1684 1032 1746 siue
1054 1680 1131 1768 quid
1153 1685 1243 1748 iuste

178 1804 309 1892 quidem
333 1806 549 1890 possessione
574 1802 738 1883 deterius,
773 1807 808 1866 nt
834 1800 986 1868 eduense
1014 1803 1103 1867 iilius
1128 1803 1242 1868 babitu

179 1932 290 1994 isnen
312 1928 429 1992 meiius
443 1926 642 2011 ttrmtusque,
662 1923 704 1990 ed
722 1923 820 1988 buius
837 1923 1004 1992 interdicti
1020 1926 1073 1989 ius
1090 1942 1131 1992 ec
1148 1943 1243 1992 com·

180 2049 309 2115 eodum
331 2045 588 2132 conparandum
610 2046 695 2112 sstts
719 2049 820 2111 esset.
845 2060 850 2067 ·

241 2282 297 2349 fflx
327 2300 393 2367 quo
422 2300 520 2368 quun
543 2280 725 2361 etticietur,
753 2278 833 2345 nibii
859 2298 954 2367 esse,
983 2299 1044 2347 cur
1068 2300 1088 2346 ιι
1115 2300 1245 2368 propo-
1263 2302 1356 2369 rano
1370 2310 1393 2344 ιι

182 2407 244 2471 sito
275 2403 400 2490 depeiii
436 2422 500 2468 nos
531 2404 694 2486 sinemus,
729 2421 795 2490 nge
833 2400 1023 2485 uideamus,
1062 2403 1245 2470 secundum
1264 2366 1413 2470 πων-Ψ

182 2526 400 2612 possidentes
423 2528 483 2591 sut
511 2522 726 2590 naturaiiter
748 2526 906 2588 tenentes
935 2542 1021 2609 quse
1044 2542 1173 2613 genero
1205 2545 1246 2594 cc

184 2647 311 2737 gradus
338 2646 467 2712 tuerint
496 2664 626 2725 eorum,
663 2645 739 2730 qui,
775 2645 906 2708 temetsi
937 2662 958 2710 e
994 2647 1248 2714 lunsconsuitis

185 2771 309 2836 nostris
331 2786 396 2834 nec
421 2766 594 2852 possidere
619 2784 682 2833 nec
709 2768 908 2831 naturaiiter
932 2770 1048 2832 tenere
1080 2767 1248 2851 dicuntur,

187 2896 311 2975 umen,
348 2908 413 2976 quo
439 2893 588 2973 tempore
620 2906 742 2954 oousso
772 2887 856 2953 bueo
889 2892 967 2954 uoto
996 2892 1065 2972 est,
1101 2908 1141 2955 eo
1170 2889 1247 2956 ioco

187 3011 406 3096 uterentur,
429 3014 481 3092 ut,
502 3013 536 3074 ui
560 3009 747 3075 bominibus
767 3010 894 3076 conctis
917 3010 1095 3075 nrmettsue
1120 3009 1249 3077 detrusi

188 3133 388 3218 probibitiue
409 3150 454 3198 sn
476 3130 540 3198 boc
558 3130 737 3197 interdicto
759 3129 957 3196 restituendi
981 3135 1112 3218 essent,
1134 3134 1250 3218 queert

189 3234 304 3322 seiten
328 3257 454 3341 posset.

246 3488 394 3555 ennon
419 3489 538 3575 igitur,
570 3485 858 3574 quemadmodum,
891 3489 947 3574 qui
977 3488 1113 3555 fundum
1138 3493 1252 3575 possi-

195 3608 260 3696 det,
282 3612 394 3675 snino
411 3611 586 3676 continuet
609 3611 869 3694 possessionem,
904 3612 1032 3676 etiarnsi
1051 3612 1173 3677 colono
1194 3616 1254 3679 out

196 3734 242 3798 ilii
265 3750 341 3798 eum
369 3729 560 3814 tradiderit,
596 3732 651 3816 qui
679 3729 839 3815 deinceps
874 3733 946 3795 eius
983 3735 1115 3798 nomine
1142 3738 1253 3821 tenet;

199 3855 303 3937 quaeri
319 3856 445 3939 potest,
466 3852 563 3917 buius
583 3851 752 3918 interdicti
768 3854 820 3915 ius
833 3869 876 3915 un
895 3854 1109 3918 continuetur
1131 3856 1175 3938 ei,
1197 3857 1252 3942 qui

200 3991 364 4062 numque·
390 3972 558 4059 possedit,
592 3972 654 4038 sed
682 3973 880 4039 naturaliter
904 3975 1033 4038 tontum
1063 3978 1187 4059 tenuit,
1223 3979 1253 4043 st

203 4094 263 4179 ipse
294 4114 428 4183 quoque
456 4112 601 4181 corpore
632 4113 694 4159 suo
723 4093 765 4159 de
800 4091 904 4158 tundo
934 4095 983 4160 ito
1012 4100 1172 4178 cesserit,
1215 4100 1253 4162 ut

207 4217 307 4285 nien
329 4216 427 4284 nodo
443 4216 544 4282 eitun
560 4217 635 4283 uice
653 4234 716 4282 sus
733 4215 969 4303 substitueret,
991 4219 1096 4285 ueiutt
1113 4218 1254 4286 colonus
