3114 5046
338 401 379 463 82
448 398 542 499 Gap.
568 402 601 474 1.
653 399 716 474 De
742 404 827 474 inre
849 423 1016 475 caussae
1037 398 1302 487 Quinctianae.

183 645 241 684 m„
337 592 435 674 cipue
458 592 559 676 atque
582 609 625 656 ex
656 580 811 675 professo
837 577 1096 656 concluderetur
1121 591 1154 652 in
1171 586 1408 671 ‘indiciumque

338 705 601 790 deduceretur⁸).
636 759 642 766 .

399 832 476 898 Non
496 835 610 918 potest
628 834 733 919 igitur
754 831 940 897 Burrienus
959 831 1103 898 Praetor
1123 848 1245 898 caussa
1267 832 1409 915 cognita

336 955 602 1039 interpositoque
631 952 769 1019 decreto
797 956 899 1018 antea
923 952 1108 1034 indicasse,
1140 951 1288 1034 0111111111
1320 952 1409 1017 bona

337 1093 381 1140 cx
403 1073 525 1140 Edicto
549 1072 724 1159 possidere
752 1074 883 1140 Naeuio
908 1075 961 1156 ius
985 1094 1078 1162 esse3
1110 1092 1186 1139 nam
1210 1091 1252 1139 ea
1276 1078 1331 1138 est
1354 1075 1408 1136 iu-

337 1194 497 1261 diciorum
523 1199 662 1275 notura,
695 1197 731 1260 ut
759 1214 802 1260 ex
827 1199 1030 1262 auctoritate
1051 1196 1243 1292 Praetoris,
1274 1213 1318 1259 ex
1345 1193 1409 1258 de-

337 1320 431 1383 creto
454 1334 495 1382 ac
514 1317 671 1398 formula,
692 1319 741 1380 uti
760 1319 871 1382 iussus
888 1321 958 1404 est,
980 1316 1081 1382 iudex
1105 1316 1228 1382 debeat
1246 1315 1409 1398 indicare,

337 1457 405 1502 non
427 1441 464 1502 nt
486 1437 527 1502 de
550 1440 625 1522 ipso
655 1440 874 1526 magistratu,
907 1442 1001 1504 reete
1029 1457 1073 1504 an
1101 1456 1280 1523 perperam
1308 1437 1409 1523 quid-

338 1578 433 1645 quam
457 1558 667 1642 decreverit,
688 1562 875 1648 cognoseat
897 1578 938 1625 ac
961 1560 1171 1644 pronunciet.

402 1715 489 1798 Quid
512 1710 650 1783 autem?
682 1718 803 1783 Nonne
825 1719 1007 1803 sponsione
1030 1719 1088 1784 illa
1109 1717 1301 1801 iudicioque
1324 1737 1409 1785 coo-

339 1840 490 1903 tinentur
520 1840 704 1923 complura,
737 1858 838 1924 quae,
866 1841 994 1905 etiamsi
1023 1839 1169 1905 Praetor
1189 1840 1322 1905 Naeuio
1346 1859 1409 1925 po-

338 1944 500 2045 stulante,
536 1965 573 2025 ut
598 1962 686 2026 bona
711 1958 859 2041 Quinctii
881 1960 1088 2047 possideret,
1116 1980 1244 2027 causon
1267 1967 1409 2048 coquite

339 2081 566 2166 decreuisset,
588 2084 782 2147 necessario
804 2085 915 2146 tamen
936 2083 1070 2171 integra
1091 2082 1237 2147 fuissent
1260 2073 1410 2150 relicta?

339 2203 391 2266 Ea
416 2203 508 2276 dico,
542 2220 627 2285 quae
653 2202 745 2267 facto
768 2221 809 2268 ac
836 2208 986 2288 tempore
1011 2205 1109 2268 ctiam
1132 2206 1326 2288 posteriora
1355 2205 1412 2270 1111

339 2322 488 2388 aditione
524 2324 670 2388 fuerunt.
735 2322 833 2405 Quod
871 2343 981 2412 genus
1016 2328 1117 2408 sunt,
1161 2326 1411 2409 possessionem

338 2444 487 2510 Naeuius
522 2443 783 2529 adprehenderit
820 2463 944 2527 necne,
983 2463 1043 2529 per
1080 2416 1242 2511 statutum
1278 2449 1417 2531 tempas

340 2568 586 2631 continuauerit
608 2584 733 2648 necne,
755 2570 790 2632 et
811 2569 939 2632 similia.

402 2684 481 2753 Sint
502 2689 568 2752 ista
590 2706 687 2772 uera,
709 2687 789 2752 nihil
812 2692 923 2754 tamen
945 2688 1083 2754 obstare
1105 2687 1274 2752 uidentur.
1328 2689 1413 2754 Nam

339 2811 395 2895 qni
418 2810 520 2874 semel
549 2813 678 2873 tantum
708 2810 892 2874 orationem
911 2811 1118 2893 propositam
1138 2811 1413 2897 perlustrauerit,

338 2930 428 2994 ultro
451 2931 627 3016 fatebitur,
650 2949 717 2994 non
736 2929 809 2995 sola
832 2929 916 2995 haec
936 2949 1045 3016 neque
1065 2934 1225 3015 separata
1244 2934 1278 2994 in
1304 2951 1415 3015 spon-

338 3053 464 3116 sionem
482 3050 702 3136 iudieiumque
721 3049 857 3129 deduci,
879 3051 974 3114 immo
992 3070 1065 3117 eum
1086 3053 1232 3117 caeteris
1248 3055 1416 3140 omnibus,

341 3190 436 3256 quae,
461 3174 650 3257 priusquam
675 3172 819 3236 Praetor
840 3170 1002 3259 adiretur,
1024 3176 1124 3259 gesta
1141 3175 1237 3254 sunt,
1260 3175 1312 3239 sic
1328 3193 1417 3240 con-

339 3295 452 3381 iungi,
479 3296 516 3356 ut
539 3294 666 3377 pariter
690 3290 733 3356 ad
754 3291 908 3357 iudicium
930 3294 1038 3357 omnia
1061 3296 1249 3378 pertinere,
1272 3298 1417 3362 uniuer-

338 3432 475 3498 sumque
498 3413 745 3498 desponsione
768 3411 922 3477 iudicium
946 3415 1111 3501 integrum
1135 3413 1238 3481 iudici
1261 3416 1355 3482 tradi
1377 3436 1418 3485 ae

340 3537 487 3619 permitti
510 3534 687 3599 manifesto
710 3539 886 3617 appareat.

402 3656 485 3721 Plus
501 3657 663 3722 arbitror:
686 3652 773 3719 haud
791 3654 957 3720 mediocre
973 3655 1051 3721 inde
1065 3659 1259 3724 sententiae
1275 3663 1418 3726 nostrae

340 3777 542 3861 praesidium
564 3774 736 3841 accedere.

404 3895 536 3981 Quippe
556 3900 706 3980 constat,
731 3914 822 3980 eum,
844 3898 898 3980 qui
915 3896 1055 3962 alicuius
1069 3898 1159 3964 bona
1173 3904 1212 3964 ut
1230 3921 1275 3967 ex
1292 3903 1420 3971 Edicto

342 4016 550 4102 possideret,
573 4034 593 4079 a
615 4016 778 4082 Praetore
802 4020 836 4081 et
859 4019 1080 4101 postulauerit
1109 4024 1144 4085 et
1170 4022 1420 4111 impetrauerit,

373 4237 405 4299 8)
424 4238 492 4287 Vide
516 4252 539 4286 e.
561 4237 586 4284 8.
606 4242 632 4285 et
655 4239 698 4286 1o.
723 4244 749 4286 11
776 4252 845 4301 quoe
863 4253 944 4302 supra
964 4242 991 4289 in
1010 4237 1084 4303 §pho
1104 4242 1129 4289 1.
1150 4246 1346 4297 tractavimus.
