3112 5056
81 441 120 513 S·
132 427 174 503 2.
186 425 458 501 Deiotordteto
469 428 516 501 de
525 430 567 502 ot
581 430 737 528 stirpare
745 452 812 502 seu
822 426 1051 527 prtoiido‘ono.
1065 426 1126 488 295

120 626 322 694 soso.
1147 641 1295 739 nos:

124 750 225 815 «Hoc
247 751 332 815 enim
355 750 571 838 intelligitur:
594 748 694 815 Unon
715 768 760 815 ro
782 767 964 832 numerem
985 751 1056 813 siue
1081 767 1127 812 ex
1147 756 1218 795 mei*

58 890 151 958 σφω
169 870 333 936 iocosius
352 892 375 936 o
392 890 457 960 prro
479 872 569 936 ioco:
592 892 633 936 no
656 890 857 955 ersendis,
880 870 943 934 hoe
963 872 1025 934 inm
1044 871 1126 933 sim-

60 996 168 1078 ·piex
192 997 320 1058 esitio
341 1011 420 1058 etim
441 992 553 1058 iocum
574 997 768 1059 restituosi
794 993 853 1056 rei.

120 1142 205 1207 idid.
221 1163 249 1208 o.
270 1140 321 1206 31.

124 1261 222 1332 «Cur
234 1282 317 1353 ergo
333 1267 392 1328 eut
405 1267 438 1328 in
454 1263 534 1328 iiiud
547 1263 771 1349 quotidianum
787 1258 1128 1347 interdicendos

61 1406 163 1451 «inu
186 1407 235 1451 nr
256 1405 293 1451 vr
314 1405 461 1472 ortrorr,
484 1384 633 1468 ndditur,
656 1405 750 1460 ouon
769 1403 834 1450 rso
853 1402 1077 1470 rossrornrn,
1099 1385 1127 1447 si

61 1507 185 1574 «deiioi
208 1525 305 1572 nemo
328 1511 440 1592 potest
470 1509 525 1593 qui
555 1527 621 1572 non
650 1505 818 1592 possidet:
850 1508 908 1570 sut
931 1507 963 1569 in
986 1504 1050 1570 hoe
1073 1507 1128 1568 in-

61 1627 266 1694 ·terdietnm
284 1627 327 1694 de
348 1627 534 1695 hominibus
555 1631 692 1694 ermetis
714 1598 781 1693 non
803 1625 953 1710 additur,
976 1629 1004 1690 si
1023 1644 1127 1712 opor·

62 1754 135 1815 «tet
158 1751 293 1836 quaeri,
314 1749 503 1832 possederit
526 1742 677 1816 needed*

119 1900 205 1967 iotd.
221 1922 250 1965 e.
271 1898 322 1964 ³2.

122 2023 193 2087 «ln
209 2023 265 2086 iilo
281 2023 314 2086 ni
330 2021 524 2108 qnotidione
547 2040 613 2086 non
635 2023 721 2087 sotis
742 2027 810 2109 esi,
835 2040 934 2106 posse
950 2021 1071 2091 dooere
1089 2042 1126 2086 se

64 2142 266 2229 deiectum,
287 2144 350 2208 nisi
372 2142 550 2208 ostendere
570 2145 692 2229 possit,
715 2163 812 2228 quum
830 2142 1036 2228 possideret,
1059 2147 1125 2208 tom

63 2264 263 2331 -deieetnn
304 2264 357 2331 Ne
386 2263 420 2328 id
443 2263 573 2349 quidem
600 2266 684 2329 setis
713 2269 780 2347 est,
811 2267 873 2329 nisi
896 2264 996 2330 doeet
1019 2267 1125 2330 iisse

64 2386 303 2472 upossedisse,
331 2389 370 2451 ut
398 2404 461 2452 neo
488 2388 521 2449 ui
544 2404 607 2452 neo
629 2387 712 2452 ciem
736 2404 798 2452 neo
828 2388 980 2471 precario
1005 2405 1126 2472 posse-

63 2510 182 2575 ·derit
241 2509 353 2595 itaque
389 2511 442 2592 is,
476 2509 530 2594 qui
566 2526 605 2572 se
639 2508 828 2572 restituisse
862 2507 965 2592 dixit,
1004 2526 1126 2598 magno

64 2649 172 2698 «uoee
195 2648 300 2714 saepe
320 2629 472 2696 confiteri
493 2630 599 2710 solet,
620 2649 658 2696 se
681 2634 717 2694 ot
738 2629 922 2712 deiecisse,
946 2648 1059 2695 uerum
1082 2630 1127 2694 ii-

63 2751 142 2817 «iud
164 2751 277 2819 addit:
299 2749 382 2818 Nou
402 2752 619 2836 possidebat:
650 2752 703 2816 uei
727 2752 841 2836 etism,
865 2769 961 2835 quum
986 2749 1049 2817 hoo
1072 2753 1127 2835 ip-

64 2895 156 2940 usum
179 2875 365 2958 concessit,
388 2873 491 2938 uincit
513 2877 624 2938 tomen
646 2874 847 2957 sponsione,
867 2873 895 2936 si
920 2873 1051 2956 pienum
1071 2873 1127 2936 ts-

62 2998 146 3080 «cit,
175 2997 221 3061 si)
242 3014 279 3060 se
295 2995 393 3058 ‘iilum
421 2997 478 3059 sui
501 2996 533 3057 ui
562 2998 620 3058 sut
643 2995 727 3060 eiam
750 2998 807 3059 out
830 2994 981 3079 preenrio
1005 3011 1127 3078 posse-

63 3118 192 3183 ·disse.
243 3115 437 3198 Videtisne,
466 3119 547 3201 quot
574 3115 825 3181 defensionibus
854 3134 944 3200 eum,
973 3117 1126 3201 quisine

64 3242 188 3304 normis
216 3257 257 3304 se
288 3236 495 3302 multitudine
524 3239 588 3301 uim
617 3238 754 3318 feeerit,
782 3239 829 3302 uti
857 3256 957 3322 posse
985 3239 1128 3302 maiores

64 3351 284 3426 «noluerint‘t
306 3358 393 3425 huno
416 3378 513 3445 uero,
535 3361 589 3444 qui
612 3362 654 3426 ab
677 3361 763 3445 iure,
786 3359 914 3443 officio,
936 3360 1032 3424 bonis
1053 3379 1126 3423 mo-

64 3484 179 3548 ·ribus
197 3480 242 3546 od
258 3481 398 3565 fenum,
420 3479 462 3545 ad
484 3499 593 3567 armo,
614 3480 657 3545 ad
677 3481 811 3548 eaedem
830 3483 1036 3572 contugerit,
1060 3502 1125 3547 nu-

65 3603 157 3668 .dum
181 3605 216 3668 in
238 3621 360 3668 caussa
383 3602 577 3668 destitutum
599 3601 739 3687 uidetis,
768 3607 804 3669 ut
834 3606 888 3690 qui
915 3608 1062 3669 armatus
1084 3603 1125 3668 de

67 3727 304 3810 ·possessione
333 3723 564 3791 contendisset
594 3727 729 3790 inermis
757 3726 857 3810 pinne
881 3725 1125 3809 desponsione

69 3851 234 3913 ·eerisret
266 3894 274 3910 .
308 3893 316 3909 .
349 3894 357 3910 .
400 3845 530 3931 Ecquid
560 3848 717 3932 interest,
746 3850 853 3911 utrum
877 3846 940 3913 hoo
962 3846 1125 3928 additum,

70 3990 188 4056 «prtum
211 3966 255 4032 A.
279 3963 434 4034 Caecina
456 3969 668 4048 possederit,
693 3960 823 4032 necne?
845 3969 904 4031 rei.

123 4154 237 4223 Goion
258 4154 280 4220 1
288 4154 326 4240 V,
352 4153 421 4219 154.

126 4308 135 4334 ·
150 4276 418 4361 iieooperondne
439 4280 665 4360 possessionis
678 4295 800 4343 cnosso
813 4279 900 4343 soiet
913 4275 1123 4343 interdictum
