3114 5046
291 355 331 434 ς.
351 345 386 419 1.
440 344 582 421 Iudicii
603 350 712 448 oripo
733 357 769 423 ct
797 358 953 425 nolana.
1105 353 1146 415 'li

143 531 384 600 Verumtamen
391 534 913 624 subtilioremcamquaestlonem
920 559 1045 606 sumum
1053 543 1148 627 quasi

81 654 190 746 digito
211 658 368 747 tetlglsse
389 655 455 724 hoc
476 658 627 743 tempore
647 660 733 724 satis
753 664 805 726 eat
813 656 851 735 ⁸).
892 662 1030 727 Interea
1052 665 1085 727 in
1106 682 1148 729 oo

80 779 322 866 consistamus,
344 777 433 864 quod
454 778 496 846 (le
511 779 726 864 sponsionum
742 784 776 846 ct
793 783 980 866 poenalium
995 786 1031 849 et
1046 801 1149 867 prac-

81 898 283 966 iudieialium
303 903 426 966 natura
445 918 487 967 ac
508 902 716 986 proprietate
732 901 842 970 adhuc
863 905 1030 989 apparuit.
1074 902 1150 986 Qua

1178 541 1316 591 epo-riona

1169 597 1247 649 inpios
1276 612 1315 652 ga·

1170 666 1216 695 ιιι

80 1020 122 1086 de
151 1038 193 1087 re
220 1025 396 1107 superest,
423 1025 463 1088 ut
491 1018 579 1091 Gaii
601 1023 823 1088 testimonium
843 1024 1037 1110 recitemus,
1058 1025 1148 1110 quod
1259 1056 1262 1060 ·

81 1144 252 1208 inuenitur
271 1143 306 1208 in
326 1143 451 1211 comm.
470 1142 530 1210 [v.
551 1136 616 1224 SS.
638 1142 691 1209 93.
712 1141 764 1209 94.

140 1263 259 1330 Verba
279 1262 364 1332 llaec
384 1267 478 1330 sunt:

144 1381 247 1450 ·Per
269 1389 490 1473 sponsionem
510 1431 520 1450 .
539 1429 550 1451 .
570 1431 581 1452 .
602 1384 667 1453 icoc
691 1386 793 1453 modo
815 1378 863 1467 (ln
884 1382 967 1461 rem)
988 1391 1146 1475 opimam

82 1518 337 1591 «provocem
346 1507 883 1594 aduersariamtalispoarioae:
905 1503 946 1575 Sl
957 1528 1060 1591 norro,
1078 1527 1146 1585 ouo

83 1648 151 1693 «nr
174 1646 326 1710 maroa,
353 1648 400 1695 rx
420 1646 504 1695 rusa
524 1626 716 1711 Qumrmurr
736 1648 828 1695 arus
847 1649 926 1708 rar,
946 1649 1147 1697 morarios

83 1768 191 1816 «xxv.
205 1766 350 1816 russos
362 1768 456 1816 naar
469 1743 643 1816 soonursi
658 1751 783 1817 deiide
795 1747 987 1836 somnium
999 1751 1145 1841 enimin,

83 1891 175 1961 aqam
188 1870 419 1959 tundimus,
434 1874 630 1957 epormoais
641 1891 814 1939 maumam
827 1871 926 1939 aeolia
940 1872 1022 1937 dori
1036 1892 1144 1959 opor-

83 1997 200 2077 ·tere,
224 2011 294 2081 pua
316 1988 471 2077 fonnuin
490 1995 546 2060 iia
566 1993 705 2059 mm
733 1997 921 2075 uincamus,
950 1997 984 2060 si
1011 1992 1144 2079 proba-

84 2118 262 2180 ·uerimus
282 2131 358 2180 rem
377 2117 536 2181 occanum
552 2115 659 2181 csrc.”

142 2230 248 2302 «Nec
267 2238 387 2301 tameo
407 2232 495 2301 naec
508 2253 646 2303 summu
665 2237 862 2321 sponsionis
875 2238 1051 2322 ccipitar3
1071 2252 1143 2303 non

83 2359 200 2421 uenim
218 2354 378 2443 puocatis
399 2360 454 2423 eat
472 2355 536 2423 scd
555 2356 838 2444 pruciodleiuiia,
865 2360 902 2423 ei
914 2361 1059 2442 propter
1078 2354 1144 2422 hoc

84 2478 219 2543 «solum
237 2476 298 2565 fit,
319 2481 361 2543 at
380 2494 444 2560 per
463 2495 543 2543 cam
562 2477 607 2543 de
627 2495 667 2543 rc
686 2477 871 2544 muctar.
917 2475 1016 2545 Uirrio
1033 2481 1143 2544 etium

84 2601 137 2665 «is
158 2616 241 2664 mem
260 2617 326 2687 pao
346 2601 465 2685 opinor
484 2616 556 2665 non
575 2597 838 2685 restipulatur.”

141 2718 193 2784 At
208 2720 310 2797 enim,
332 2719 466 2786 obllolat
480 2719 616 2805 aliquis,
638 2718 716 2805 quld
729 2720 884 2807 attinuit,
896 2737 966 2785 rem
980 2718 1144 2804 explora-

82 2841 237 2906 tissimum
259 2843 312 2906 tot
332 2842 446 2907 uerbis
466 2833 667 2926 exponere?

141 2962 219 3051 ligo
236 2980 318 3027 uero
338 2980 490 3029 caussam
505 2960 647 3029 ostendo
661 2961 760 3028 huius
773 2963 936 3027 orationis
950 2960 1142 3046 utilitatem,

82 3083 259 3168 quinetiam
281 3084 524 3150 necessitatem.
565 3084 649 3150 Nam
672 3085 727 3170 qui
751 3083 861 3150 adhuc
883 3101 954 3149 cam
975 3082 1048 3148 siue
1067 3080 1142 3147 edi-

80 3202 200 3270 derunt
208 3206 280 3269 siue
289 3206 533 3270 commentariis
544 3206 806 3289 illustrauerunl,
820 3224 917 3290 quum
925 3204 1140 3289 sponsionum

80 3324 204 3401 duplex
219 3325 300 3390 illud
314 3343 425 3415 genus
439 3344 552 3392 omnes
563 3331 621 3391 aut
636 3328 831 3415 ignorarent
843 3327 902 3391 aut
915 3325 1140 3415 negligerent,

79 3445 222 3533 denique
250 3446 390 3531 perinde
411 3451 569 3536 agerent,
591 3452 692 3534 atque
717 3449 790 3514 sine
811 3466 921 3534 poena
942 3450 977 3513 et
990 3447 1141 3531 restipu-

79 3568 204 3634 latione
231 3571 370 3653 sponsio
397 3570 488 3634 nulla
513 3569 646 3653 suisset,
675 3568 752 3635 inde
775 3570 979 3654 potissimum
999 3565 1140 3651 accidit,

79 3693 114 3754 ut
135 3690 308 3754 erroribus
339 3694 373 3754 ei
401 3692 602 3776 corruptelis
623 3696 801 3776 tantopere
822 3689 1078 3757 contaminatam
1099 3703 1141 3753 ao

81 3811 306 3893 perturbatam
345 3809 523 3877 habeamus
558 3815 744 3878 uniuersam
781 3809 1002 3892 Quinctianae
1043 3807 1140 3872 huius

81 3933 272 4014 sponsionis
283 3936 460 3998 materiam.

114 4180 142 4242 8)
160 4182 238 4232 conl.
249 4183 583 4235 Plciioilluroniaiuiiicii·
641 4201 666 4248 p.
680 4186 741 4234 487.
755 4185 853 4235 Contra
866 4184 891 4232 S·
912 4180 950 4228 W.
965 4179 1094 4228 ΖΜΟΝ
1112 4182 1139 4230 iu

84 4271 118 4316 eri
138 4272 289 4319 Annalibus
307 4272 420 4328 criticis.
442 4272 519 4322 Tem.
535 4274 578 4322 lV.
642 4273 846 4332 llialorlalurio‚
858 4275 888 4323 T.
900 4275 1068 4341 ilcssoap.
1080 4280 1129 4327 l'lil
