3114 5046
186 576 252 617 basus
265 579 287 617 ia
301 591 318 617 s.

170 633 319 701 'wid-

170 699 215 730 m.

342 377 402 439 ¹³⁴
453 372 548 477 Gap.
567 376 602 451 Ι.
654 373 715 451 De
740 380 825 451 lara
850 400 1011 452 consano
1039 375 1304 464 Qunam.

339 568 505 651 batorum,
543 534 719 652 praeterea
741 585 806 651 quo
828 572 1009 653 appareat,
1042 568 1171 633 etiamsi
1199 572 1276 632 inre
1297 563 1401 635 Noe-

337 693 416 753 nins
437 687 672 773 postaduntsse
693 686 863 772 uideatur,
894 687 972 753 lade
1002 686 1149 770 Quinctil
1171 704 1316 754 caussae
1338 685 1403 753 de-

338 811 484 873 trimenti
504 807 585 873 nihil
607 808 787 893 accedere,
814 811 926 873 statim
948 808 1123 898 mitigandi
1144 827 1266 876 caussa
1286 807 1403 875 adlicit

340 934 418 996 «ita
439 929 632 996 nldedoren
656 930 709 995 Ea
723 932 827 1015 igitur
841 932 1059 996 excusatione
1075 932 1264 1016 praemissa
1284 921 1403 1011 (alra-

341 1057 461 1118 ..tona
492 1051 712 1141 postulabas,
749 1072 792 1118 ea
819 1053 947 1119 saltem
973 1049 1097 1136 Alfmti
1125 1054 1206 1117 erat
1230 1041 1402 1138 θρίων)

338 1175 472 1240 subiicit
494 1192 536 1238 ex
558 1173 669 1238 facto:
703 1172 932 1267 ,manabat
951 1171 1131 1259 Alterius-⁸
1162 1203 1204 1215 -
1237 1174 1312 1240 Iam
1341 1190 1404 1237 su-

339 1297 493 1380 peruenit
515 1294 644 1381 quidem
666 1295 836 1361 decretum
851 1294 1041 1385 Praetoris,
1063 1295 1190 1360 Alieno
1205 1292 1404 1376 aduersum

338 1416 372 1481 id
394 1435 475 1482 uero
498 1412 616 1482 Cicero
631 1416 795 1482 infirmare
810 1415 925 1483 studet
938 1418 1161 1500 tribunorum,
1183 1433 1269 1501 quae
1285 1418 1405 1482 secuta

338 1541 401 1622 sit,
428 1538 672 1623 appellatione,
700 1556 878 1623 earumque
899 1557 1008 1603 rerum
1030 1541 1217 1623 mentione,
1250 1554 1338 1621 quae
1360 1554 1403 1601 ex

338 1661 396 1724 illa
417 1660 644 1744 appellatione
665 1661 893 1745 prouenerint.
944 1657 1043 1727 Unde
1071 1661 1167 1745 qnasi
1193 1660 1288 1723 retro
1315 1658 1404 1723 uires

338 1786 538 1848 accrescunt
558 1782 765 1866 improbabili
787 1781 835 1845 illl
856 1779 947 1847 dieto
975 1778 1138 1846 «Irrinrio
1157 1779 1405 1867 postulabas·,

338 1902 496 1989 prudenti
532 1904 672 1969 consilio
708 1902 858 1968 modeste
893 1904 996 1967 antea
1032 1905 1187 1984 tentato,
1223 1900 1404 1985 uerbisque

341 2029 419 2089 «tta
447 2023 636 2091 atdebnre·
670 2022 813 2091 adiectis
840 2022 885 2089 ad
912 2028 1051 2109 primum
1082 2023 1207 2089 aditum
1240 2024 1406 2113 mitigato.

338 2144 471 2210 Etenim
493 2145 548 2231 qul
570 2146 737 2230 opinionis
758 2163 840 2210 suae
860 2164 922 2212 seu
944 2147 1069 2211 erroris
1089 2146 1148 2210 uix
1170 2143 1274 2210 babet
1297 2162 1406 2211 exeu-

338 2252 518 2352 sationem,
553 2285 627 2334 cum
655 2270 762 2354 raepnt
789 2267 945 2334 adseritis
972 2264 1192 2352 defensorem
1224 2266 1406 2333 satisdare

338 2388 486 2474 debere,
522 2388 578 2471 ei,
612 2390 763 2472 quamuis
797 2407 841 2454 ne
876 2388 1032 2454 Praetori
1069 2386 1200 2473 quidem
1237 2386 1407 2453 satisdare

337 2510 466 2575 iubenti
501 2509 800 2594 obtemperauerit,
834 2528 915 2595 spes
947 2514 1058 2574 tamen
1089 2511 1293 2594 relinquitur
1329 2511 1407 2573 uin·

337 2630 454 2713 cendi,
489 2635 598 2696 etlam
627 2635 758 2696 tristam
789 2635 865 2695 sirie
897 2631 1130 2697 satisdatione
1167 2628 1408 2713 defensionem

338 2772 440 2819 nrum
463 2749 594 2840 fialam,
629 2752 804 2816 dummodo
830 2754 1001 2817 recusanti
1022 2752 1086 2816 sihi
1108 2751 1321 2817 tribunorum
1342 2770 1408 2817 au·

340 2876 452 2939 xillum
473 2874 659 2940 accessisse
681 2873 884 2958 probauerit

404 2993 502 3076 Quod
532 3013 614 3059 uero
647 2994 852 3059 tribunorum
884 2994 1042 3057 auxilium
1077 2997 1245 3079 quatenus
1278 2992 1409 3059 Alieno

341 3120 538 3206 contigerit,
572 3133 702 3200 quaeue
732 3114 974 3178 interuenerint
1007 3116 1095 3180 aliae
1128 3132 1186 3179 res
1220 3118 1256 3180 et
1290 3113 1410 3180 Alieni

268 3288 271 3293 .
342 3243 421 3303 tunc
444 3237 632 3302 defensioni
654 3241 689 3300 et
711 3233 857 3316 Quinctii
879 3237 943 3299 iam
965 3253 1107 3301 caussae
1125 3237 1243 3322 utiles,
1266 3237 1411 3301 interius

341 3360 535 3442 apparebit:
558 3374 645 3422 nunc
660 3358 745 3420 satis
758 3360 811 3421 est
825 3355 996 3440 docuisse,
1017 3375 1151 3421 sensum
1175 3358 1290 3422 inesse
1316 3375 1411 3425 com-

343 3479 429 3543 muni
451 3478 609 3545 Codicum
631 3479 768 3542 lectioni
789 3495 980 3560 ursaonae,
1007 3496 1117 3563 neque
1145 3496 1220 3542 eum
1243 3480 1411 3564 ineptum,

341 3603 437 3663 immo
460 3598 769 3683 commodissimum,
790 3599 1031 3662 sententiarum
1052 3600 1287 3665 concinnitate
1309 3619 1411 3686 prae-

342 3722 595 3804 stantissimum,
627 3718 770 3803 denique
798 3720 846 3781 illi
875 3721 957 3782 iuris
984 3720 1107 3783 rationi
1129 3725 1411 3807 consentaneum,

343 3860 441 3926 quam
463 3839 583 3905 ualidis
599 3840 807 3927 arguarentls
820 3858 924 3922 supra
941 3840 1209 3905 confirmauimus
1228 3838 1411 3909 Ciceronis

343 3966 407 4026 iam
428 3964 541 4026 aetate
562 3962 746 4027 obtinuisse
768 3964 869 4044 atque
896 3959 973 4025 inde
1002 3960 1046 4025 ad
1077 3958 1166 4028 Gan
1199 3960 1411 4055 Ulpianlorts

345 4089 494 4167 tempora
515 4086 747 4147 conseruatam
769 4079 990 4166 traditamque
1012 4085 1221 4167 peruenisse.

408 4228 622 4313 Quanquam
645 4229 797 4308 basini,
828 4230 919 4295 nullo
951 4250 1088 4296 numero
1111 4231 1292 4299 habendae
1316 4239 1411 4300 erunt
