3114 5046
384 390 448 453 ³⁴⁴
508 387 604 490 Cap.
631 391 667 466 1.
706 389 768 466 De
784 394 869 467 inre
887 415 1048 467 caussae
1066 389 1334 469 Caecinianae.

232 633 368 674 „cm
387 594 527 675 propter
555 591 792 656 usumfructum
820 593 1013 675 possedisse
1042 590 1187 656 iundum.
1241 590 1326 656 Num
1362 586 1449 675 quod

244 691 367 788 22:53⁰·
387 712 527 778 ulterius
560 715 724 797 processit
763 717 865 801 utque
905 715 1003 778 etium
1039 712 1195 800 mogunti,
1237 713 1355 777 dicere
1387 710 1451 775 doc

391 831 560 923 mutum,
591 835 625 897 in
655 852 695 898 eo
726 835 901 900 manifesto
935 853 1068 900 enasse
1097 835 1158 898 Vir
1185 834 1327 898 iiiustris
1353 831 1451 897 uide-

388 960 443 1019 tur
454 951 490 1028 ³).
533 952 665 1040 Quippe
693 959 727 1018 in
749 974 778 1021 c.
802 955 831 1020 6.
860 960 974 1021 orutor
1004 955 1100 1022 dicit:
1136 950 1337 1021 Caesennia
1364 953 1451 1040 ficit-

388 1076 471 1144 dnm
491 1077 646 1164 possedit
667 1076 874 1166 iocunitque.
924 1074 999 1158 Quo
1027 1076 1103 1143 loco
1131 1075 1267 1142 struthi
1295 1076 1453 1154 obiicias,

389 1217 436 1263 ea·
464 1203 579 1284 empto
615 1195 807 1282 possedisse
835 1197 1054 1263 Caesennium
1092 1196 1335 1277 demonstrari,
1374 1215 1453 1263 ecce

389 1320 502 1385 statim
534 1321 653 1402 posteo
680 1321 713 1383 in
742 1336 772 1385 c.
795 1319 826 1384 7.
850 1319 967 1385 iterum
998 1318 1079 1385 dicii
1105 1314 1342 1385 Caesennium
1367 1316 1454 1403 iissr-

390 1441 474 1506 dum
493 1440 705 1528 possedisse,
734 1438 787 1506 hic
810 1459 941 1526 quoque
963 1446 1147 1523 exempto
1170 1438 1320 1526 quidem,
1350 1443 1386 1504 ut
1408 1440 1456 1503 ito

391 1565 429 1625 ut
451 1561 546 1625 simui
570 1560 743 1646 ostendat,
770 1558 882 1646 fateri
903 1559 967 1626 doc
989 1557 1197 1645 Aebutium,
1226 1560 1455 1626 tantummodo

392 1682 556 1748 diuersum
588 1683 813 1767 possessionis
845 1701 1007 1748 caussam
1040 1674 1318 1767 (haudquaquam
1348 1700 1457 1768 penus

393 1806 619 1889 possessionis
648 1795 853 1886 diuersum),
882 1802 1137 1888 usumfructum
1167 1801 1345 1883 uidelicet,
1375 1803 1458 1868 sub-

393 1928 504 1993 iicere.
547 1922 652 1991 Simili
681 1928 780 2011 piune
809 1924 906 1990 modo
938 1916 1118 2001 interimi)
1151 1929 1266 1989 orator
1298 1924 1460 2005 uitirmui,

396 2044 587 2113 Caecinam
620 2046 756 2111 fundum
788 2045 996 2131 possedisse,
1037 2064 1173 2132 eumque
1208 2046 1458 2131 possessionem

395 2168 495 2234 tulem
519 2168 639 2254 tuisse,
661 2172 697 2231 ut
722 2163 940 2233 Caesenniae
963 2166 1127 2233 duntaxat
1150 2169 1342 2254 possessio,
1364 2186 1460 2253 quum

397 2306 441 2355 ex
462 2289 639 2354 usufructu
662 2291 767 2353 ortam
790 2307 883 2374 esse,
914 2290 1002 2355 sicut
1023 2287 1238 2354 aduersarius
1260 2287 1462 2373 contendat,

398 2413 471 2495 ipse
508 2412 669 2494 temporis
701 2428 822 2475 cuussu
856 2410 966 2498 tingit,
1008 2411 1100 2474 nuiiu
1132 2429 1170 2475 re
1204 2428 1313 2495 neque
1348 2409 1463 2475 additu

400 2550 507 2617 neque
540 2529 709 2617 detractu,
746 2533 1013 2596 continuaretur:
1057 2550 1153 2618 quum
1179 2527 1403 2597 Caesenniae
1425 2550 1463 2596 uc

401 2648 577 2719 Caedicus
608 2655 853 2737 possessiouem
884 2650 969 2716 odeo
999 2653 1093 2735 pouit
1122 2650 1203 2716 nihii
1226 2653 1317 2716 inter
1341 2671 1381 2717 se
1404 2672 1465 2718 nec

400 2794 524 2862 periere
548 2794 609 2841 uec
631 2794 758 2840 caussa
788 2773 937 2855 differre,
970 2777 1007 2837 ut
1035 2793 1099 2861 per
1125 2774 1274 2840 socordem
1305 2774 1465 2839 colossum

401 2898 494 2981 prius
510 2891 760 2984 Caesenniam,
783 2893 903 2960 deinde
925 2913 966 2959 eu
987 2897 1156 2960 exstincto
1171 2889 1368 2961 Caecinam
1384 2916 1466 2981 pos-

344 3048 347 3055 ·
402 3017 531 3084 sedisse
554 3017 720 3083 dectoret:
749 3056 784 3065 -
807 3035 901 3101 quum
924 3035 1020 3099 uere,
1050 3014 1130 3080 nihil
1152 3015 1243 3099 dico,
1279 3036 1381 3080 unum
1405 3016 1467 3082 hoc

403 3282 470 3335 quus
484 3281 552 3330 pers.
565 3269 627 3319 nob.
641 3273 743 3331 acquir.
758 3270 789 3319 L.
801 3268 827 3317 d.
837 3266 866 3331 ὅ.
876 3267 902 3316 2.
961 3266 1006 3316 ⁹3.
1021 3292 1051 3302 -
1072 3267 1103 3316 L.
1118 3268 1143 3316 i.
1159 3265 1190 3330 §-
1203 3268 1230 3318 8.
1245 3266 1285 3319 Bc
1298 3268 1333 3316 Α.
1347 3282 1373 3318 r.
1392 3270 1426 3318 Α.
1438 3270 1467 3318 P.
1491 3285 1548 3305 κ

404 3359 443 3410 De
463 3359 583 3420 precario
604 3353 758 3418 (Ulpianus)
791 3362 905 3406 «ψει
962 3353 1106 3418 (Pontius)
1139 3355 1212 3408 «Per
1240 3369 1319 3415 cum,
1358 3358 1386 3406 iu
1417 3354 1550 3420 quod

406 3444 606 3502 niruciuurtus‚
650 3447 738 3505 iuquit
779 3442 905 3504 (Marcei
964 3443 1181 3495 nusumirucium
1208 3445 1357 3505 hebemus,
1389 3449 1552 3509 possi!

406 3534 521 3598 ainsi),
546 3540 573 3585 ei
592 3534 698 3583 colonus
712 3538 739 3584 ct
761 3534 905 3593 inquilinus
965 3532 1050 3584 odere
1064 3546 1220 3593 possumus,
1242 3536 1315 3584 sicut
1331 3549 1363 3586 ex
1383 3528 1553 3597 open&

407 3628 492 3674 nsunt
510 3627 536 3672 iu
555 3622 678 3684 praedio,
698 3627 725 3671 ci
744 3626 831 3671 minen
851 3635 905 3671 non
964 3624 1041 3671 «suis
1060 3626 1199 3685 acquirere
1217 3622 1294 3673 uobis
1314 3624 1403 3674 suist:
1423 3612 1554 3673 osb

407 3713 597 3776 «possident»
617 3711 703 3760 niu.
718 3724 758 3772 pr.
780 3709 819 3760 lie
832 3709 864 3758 Α.
879 3722 904 3761 v.
964 3710 1020 3760 und
1040 3724 1096 3762 rom
1117 3714 1250 3773 pertinet,
1288 3709 1364 3772 quod
1388 3702 1556 3774 ipsus‘

407 3801 440 3851 Α.
459 3801 490 3851 Ρ.
510 3799 603 3862 (idem)
623 3798 813 3848 «Naturaliter
832 3800 907 3850 uide·
965 3812 1040 3849 «non
1056 3799 1233 3862 possiam,-
1262 3813 1324 3850 uum
1356 3812 1407 3851 nco
1426 3801 1555 3850 fiiis

409 3897 474 3940 «tur
491 3890 625 3951 possidere
647 3892 684 3947 is,
713 3891 758 3950 qui
777 3888 908 3938 usumiru·
966 3901 1066 3938 cium.»
1091 3888 1167 3938 ddde
1181 3888 1211 3936 l..
1226 3888 1270 3937 27..
1292 3889 1333 3939 Do
1352 3887 1556 3940 donatio!

409 3983 500 4028 «ctum
514 3978 601 4029 habet.
612 3994 624 4022 u
645 3978 675 4026 Ι..
686 3976 713 4025 3.
728 3974 780 4039 M.
792 3975 905 4025 13-17.
966 3976 1053 4027 uibus.
1075 3977 1104 4024 L.
1120 3978 1147 4025 su.
1169 3976 1208 4027 De
1221 3977 1411 4027 seruiiucibus.

409 4066 496 4117 Deui.
517 4065 584 4114 Μ.
601 4066 643 4114 Uti
658 4066 805 4127 possidetis.
824 4064 906 4113 i'aiic.
1000 4062 1026 4125 ³)
1046 4065 1063 4113 i.
1079 4065 1095 4113 Ι.
1112 4061 1141 4127 ss·
1156 4063 1199 4112 2³.
1215 4078 1242 4126 p.
1258 4064 1322 4115 uei.
1340 4073 1397 4116 not.
1414 4067 1436 4114 i.

411 4156 518 4218 Fropm.
533 4151 562 4216 ὅ.
577 4153 620 4202 ui.
646 4152 742 4213 (Verba
754 4154 815 4203 uide
829 4167 907 4215 supru
999 4150 1027 4215 t)
1046 4167 1069 4203 c.
1085 4152 1128 4201 32.
1159 4153 1247 4204 Vertis
1268 4155 1380 4206 exhibui
1396 4167 1470 4216 supro
1494 4156 1528 4173 ‘

411 4258 436 4304 p.
460 4242 521 4293 313.
542 4249 595 4292 not.
618 4240 672 4306 ³5.)
705 4239 904 4304 Coui.§§.90.
966 4253 992 4302 p.
1013 4239 1074 4293 eiu.
1096 4249 1150 4292 uoi.
1174 4244 1198 4290 i.
