3114 5046
293 342 333 420 5.
358 329 399 404 4
455 326 623 407 caenae
647 329 861 430 possederit
885 348 1012 405 neone.
1126 328 1188 415 ,³5⁶

185 527 276 613 Quid
298 536 353 596 est
373 520 467 597 hoei
503 530 668 596 lnuiotum
692 525 784 595 Cras
810 527 936 595 iudicet
957 532 1188 619 argumentum
1207 539 1342 638 offitii·

147 669 220 739 sse,
260 652 457 738 possedisse
495 647 706 718 aneiream:
749 670 824 716 nam
862 670 1082 717 auunculus
1114 669 1189 718 ease

147 779 222 840 teor
253 778 291 840 et
320 773 490 839 indiciam
517 776 697 838 aeternare
728 776 797 838 reici
823 777 988 859 potitium
1020 773 1188 863 eainfiai,

147 912 257 961 urna
278 900 398 961 anteon
420 898 496 961 cias
517 910 593 959 erre
615 897 673 982 qui
694 912 765 960 nen
786 895 967 981 possideat
980 887 1031 976 ²⁹).

184 1017 269 1101 lpse
284 1004 523 1103 linternenns,
545 1030 626 1082 noer
640 1016 725 1080 alias
739 1020 775 1079 et
790 1020 912 1081 eonius
927 1015 1103 1082 Tullianae
1125 1016 1189 1082 de-

147 1139 290 1205 nnana
311 1140 543 1226 oppugnator,
573 1135 690 1201 haeret
711 1138 919 1224 padumque
940 1138 1067 1223 refert,
1087 1141 1190 1224 atque

147 1258 206 1327 iud
226 1262 479 1344 argumentum,
510 1256 782 1342 quemadmodum
805 1277 886 1324 uere
909 1255 1002 1325 Grae
1025 1260 1190 1325 obserua-

147 1384 185 1463 n,
211 1380 326 1446 eladii
345 1384 459 1467 maqic
481 1397 585 1469 qnam
606 1377 739 1463 refellit
760 1379 922 1461 dicendo,
941 1386 1036 1446 reete
1058 1381 1189 1466 quidem

147 1506 157 1569 l
178 1503 403 1588 probabiliter
423 1505 590 1567 oratorem
613 1503 840 1587 conclusisse,
871 1498 1080 1592 Aeoaciinm,
1113 1507 1191 1589 qula

147 1627 414 1712 mencionem,
447 1622 640 1689 confessum
668 1640 746 1688 esse
776 1622 819 1688 de
842 1619 1021 1689 Caecinae
1050 1642 1191 1710 posses-

147 1749 237 1829 ionc;
259 1748 296 1811 at
318 1744 478 1811 eiusmodi
499 1746 572 1810 siue
594 1742 811 1828 corafeeeione
831 1747 904 1809 siue
919 1747 1190 1810 denunciatione

147 1887 191 1935 on
214 1869 322 1934 omitti
344 1869 397 1932 lus
411 1841 662 1949 'possessionin
696 1864 784 1932 houd
807 1868 915 1955 magis
936 1880 1033 1951 quom
1056 1868 1190 1932 notione

147 1988 218 2055 aaa
231 1985 284 2062 ³⁰).
941 1973 944 1977 ’

185 2108 276 2193 Quid
299 2102 430 2176 mulia?
459 2108 545 2175 Mihi
566 2111 633 2174 isio
658 2107 767 2176 l'aiiii
789 2114 988 2199 argumento
1010 2109 1091 2174 ninii
1114 2110 1192 2175 ina-

147 2232 201 2297 lus
223 2250 333 2317 neque
355 2231 513 2297 infirmius
534 2249 611 2296 esse
633 2230 777 2296 uidetur.
822 2228 956 2317 Quippe
977 2234 1192 2298 denunciare

147 2372 192 2419 on
216 2353 314 2418 modo
338 2356 507 2438 proprium
530 2369 607 2419 esse
630 2371 762 2432 eorum,
784 2356 939 2441 quirem
953 2374 976 2418 a
990 2355 1192 2440 possidente

147 2478 272 2541 ciliori
300 2478 391 2563 miti,
430 2473 491 2540 sed
520 2476 619 2539 etiam
642 2473 741 2539 ualde
764 2475 1005 2558 densitatem,
1042 2474 1192 2541 medius-

147 2594 224 2661 dlus
254 2596 371 2661 neseio
404 2598 459 2661 ubi
490 2596 562 2662 vnn
590 2595 680 2662 dooii
710 2596 756 2660 illi
785 2596 941 2682 legerint.
997 2592 1059 2663 sn
1081 2598 1193 2681 potius

148 2718 321 2783 exmia
343 2733 416 2783 meu
439 2718 507 2782 lert
529 2722 565 2782 ui
588 2719 794 2782 existimem:

188 2836 425 2905 Denunciendi
455 2840 589 2905 occasio
620 2840 794 2923 multiplex
816 2838 1021 2924 totidemque
1051 2856 1193 2905 caussae

147 2968 208 3026 noi
230 2978 358 3047 genera
380 2978 505 3048 rerum,
528 2980 614 3045 quas
634 2964 722 3026 seire
744 2963 833 3025 alter
853 2961 994 3026 alterum
1016 2961 1105 3026 uelle
1128 2978 1193 3044 po-

147 3085 240 3149 nerit.
296 3083 372 3148 lloe
404 3087 514 3147 entem
546 3084 581 3146 ln
614 3081 818 3173 quotidianis
847 3083 1010 3171 negoiiis,
1053 3084 1109 3148 ubl
1141 3083 1195 3146 ius

147 3205 226 3270 iulle
247 3208 425 3290 speciant,
448 3202 598 3269 homines
619 3221 701 3269 suae
723 3206 830 3292 magis
853 3223 948 3290 quam
970 3204 1102 3270 alienae
1123 3205 1195 3268 utl-

147 3327 234 3392 ltitis
255 3342 379 3392 euusse
401 3325 490 3390 uelle
511 3327 638 3411 solent3
663 3344 737 3390 nem
761 3328 795 3390 in
816 3327 929 3391 multis
950 3328 1031 3390 iuris
1053 3343 1196 3392 mussa-

147 3462 265 3533 usaque
287 3446 405 3536 figuris
427 3447 525 3511 alteri
549 3446 706 3531 prodest,
729 3447 870 3512 alierum
892 3449 980 3513 seire
997 3446 1196 3533 aliquidaut

147 3570 288 3640 ciuisse,
317 3567 532 3654 deteriorque
553 3572 606 3634 est
627 3567 781 3635 eondieio
804 3570 877 3634 eius
900 3572 955 3654 qul
977 3572 1078 3636 soluit
1099 3587 1195 3654 quem

147 3693 183 3775 qul
207 3693 390 3780 ignorault.

193 3813 331 3897 ltaque,
363 3817 400 3876 ui
422 3812 535 3877 allatis
556 3813 683 3896 aliquot
706 3813 869 3896 exemplis
890 3829 947 3874 res
970 3811 1101 3895 planior
1122 3811 1197 3893 fiat,

147 3937 333 4021 nuenimus,
359 3953 450 4020 eum,
479 3935 534 4019 qui
557 3953 642 4019 opus
664 3935 698 3997 in
720 3933 793 3997 solo
816 3932 1063 4017 factumest,
1086 3935 1197 3999 uicino

170 4088 211 4157 ii)
224 4093 242 4143 l.
251 4091 357 4156 l.p.32.
367 4089 397 4155 ἦ.
407 4092 434 4142 4.
456 4089 532 4142 Coui.
544 4091 632 4140 Klotz.
727 4088 770 4153 ³0)
790 4090 857 4142 Vide
879 4089 1028 4141 Heiomoni
1049 4089 1197 4141 adnotatio·

147 4178 225 4230 idai.
235 4181 326 4244 pm.
335 4184 395 4233 eilu
403 4181 566 4245 Argumenta
577 4179 633 4240 pn.
693 4192 754 4231 nem
767 4180 800 4229 ad
814 4179 860 4229 dd.
875 4190 935 4242 cup.
949 4180 977 4229 ’1.
992 4186 1020 4230 ei
1032 4178 1077 4230 82.
