3114 5046
140 335 179 411 s.
205 323 249 400 2.
306 320 390 410 Quo
414 325 501 397 rnre
525 319 589 396 Ni
608 323 706 396 iona
733 323 792 411 Qu
817 312 1038 422 posscdcrr'tt
1087 326 1128 387 55

66 529 129 596 qua
151 529 197 578 ex
217 511 283 577 hoc
311 510 451 592 Edicto,
481 514 518 575 ut
547 512 633 577 bona
662 510 935 596 possiderentur,
971 513 1128 577 committi
1147 510 1294 618 ,21:23

67 633 230 718 potuerit,
251 631 368 698 eodem
389 651 516 721 genere
539 637 573 698 et
596 633 711 698 ordine
733 652 774 700 ac
796 640 939 718 quatuor
954 634 1029 698 ilias
1043 650 1130 700 con-

66 755 239 841 stitutam,
284 752 427 839 denique
467 746 579 839 (quon
599 756 856 844 subintelligunt
891 756 998 844 magis
1033 774 1129 841 quam

66 865 256 955 affirmant)
283 877 341 939 nui
370 878 495 940 temere
522 881 580 940 aut
610 875 732 941 callido
767 875 908 961 quodam
934 878 1073 942 consilio
1095 880 1128 939 ln

65 994 241 1062 recitando
263 995 374 1065 Edisti
397 998 454 1061 illo
476 999 587 1081 capite
609 1018 629 1062 a
652 997 760 1062 'l'ullio
783 998 1061 1081 praetermissam.

128 1114 236 1199 Quam
280 1120 481 1183 sententiam
524 1120 578 1202 qui
623 1124 828 1204 sequuntur,
870 1119 1130 1201 locupletissimo

65 1239 127 1304 sibi
148 1238 309 1304 uidentur
339 1242 427 1304 teste
455 1241 503 1303 utl
530 1238 692 1326 Ulpiano,
728 1259 823 1325 quem
845 1242 899 1305 uel
922 1241 996 1325 ipsa
1028 1239 1131 1304 uerba

65 1362 154 1425 illius
176 1362 365 1446 clausulae,
400 1379 496 1446 quam
519 1360 632 1426 dicunt
652 1380 871 1446 suppressae,
898 1362 1042 1427 recitare
1065 1380 1131 1445 pn-

65 1485 140 1546 tant
161 1484 197 1563 in
219 1480 261 1547 L.
278 1479 309 1540 2.
333 1500 388 1568 pr.
409 1479 509 1564 Qrtib.
531 1501 578 1547 ex
601 1502 679 1548 corr.
703 1487 741 1548 in
760 1503 816 1569 po.
837 1502 869 1547 c.

128 1639 297 1726 Ulpianus
316 1641 373 1706 lib.
394 1640 424 1705 5.
446 1639 490 1704 ad
513 1639 676 1707 Edictum.

132 1796 312 1865 «Praetor
339 1803 413 1865 uit:
443 1797 487 1865 ln
515 1797 605 1863 torro
626 1802 717 1887 etin,
750 1802 808 1887 qni
837 1798 958 1865 irrdtcii
983 1801 1131 1866 sistendi

132 1941 286 1986 «caussa
304 1920 545 2006 fideiussorem
574 1920 692 2008 dedit,
736 1925 768 1985 si
790 1939 898 2009 neque
918 1926 1130 2008 potestatem

133 2047 216 2108 -sui
234 2040 364 2128 faciet,
386 2059 494 2127 acque
516 2038 744 2125 defendetur,
766 2045 812 2106 iri
833 2041 984 2106 irrisio·

128 2162 233 2230 Certe
255 2160 426 2247 equidem,
448 2163 579 2226 tametsi
601 2161 689 2226 hunc
712 2163 818 2227 iocum
842 2181 902 2247 pro
925 2182 1051 2227 summa
1074 2164 1130 2228 illa

67 2285 265 2350 difficultate
279 2286 380 2368 atque
399 2283 668 2367 interpolationis
683 2322 719 2331 —
737 2283 937 2348 certitudine
952 2288 1063 2368 potius
1076 2283 1130 2347 di-

68 2426 149 2472 xero
173 2425 270 2491 quam
291 2406 498 2489 suspicione,
528 2422 592 2489 qua
615 2407 720 2469 omnis
741 2403 1000 2470 uadimonlorum
1023 2410 1132 2470 mate-

68 2530 116 2592 ria
137 2530 173 2593 in
200 2527 415 2616 Digestorum
437 2526 636 2614 fragmentis
657 2526 807 2612 laborat3
836 2528 920 2591 satis
946 2528 1067 2592 leuiter
1088 2528 1131 2593 ab

69 2648 310 2734 interpretibus
344 2646 442 2712 uldeo
472 2646 606 2729 haberi,
642 2649 752 2712 tamen
786 2647 933 2732 omissis,
967 2667 1051 2732 «puae
1088 2646 1140 2711 ad'

69 2773 276 2858 propositum
297 2772 446 2834 nostrum
470 2770 576 2831 minus
597 2772 675 2832 sunt
697 2770 912 2852 necessaria,
937 2765 1024 2830 lraud
1045 2787 1131 2856 gra-

68 2895 189 2975 uabor,
226 2890 314 2977 quod
342 2892 524 2955 extremum
547 2908 568 2953 a
590 2908 639 2953 mc
663 2889 906 2973 postulaueris,
935 2889 1023 2956 ultro
1046 2907 1132 2954 con-

69 3014 208 3098 cedere,
238 3011 397 3077 uidelicet
418 3010 612 3076 Praetorem
634 3010 811 3099 aliquando
833 3008 954 3075 Edicto
977 3028 1133 3094 compre-

69 3135 247 3214 hendisse,
274 3152 311 3198 se
334 3136 429 3198 certa
449 3133 527 3217 lege
550 3133 803 3216 permissurum,
826 3134 881 3211 ut,
904 3133 957 3216 qui
980 3130 1133 3196 uadimo-

69 3259 155 3321 nium
178 3255 407 3337 dcseruisset,
429 3256 501 3319 eius
523 3254 611 3319 bona
633 3250 894 3337 possiderentur.
927 3252 1022 3316 Esto.
1059 3250 1133 3333 Qua

71 3397 147 3443 uero
170 3377 250 3462 lege
271 3394 312 3441 ac
333 3373 528 3442 condicione
550 3373 585 3439 id
606 3373 715 3459 tieret,
749 3371 894 3438 Praetor
928 3372 980 3439 his
1002 3374 1133 3457 uerbis,

72 3501 209 3586 opinor,
231 3496 448 3583 significauit:

132 3649 147 3680 ι
158 3623 191 3685 ri
213 3636 321 3706 ireque
341 3621 553 3703 potestatem
573 3620 629 3682 sni
643 3614 755 3701 faciet
769 3635 878 3706 neque
894 3616 1130 3701 destinamus·

73 3741 189 3825 quibus
212 3738 388 3804 confestim
410 3735 574 3822 Ulpianus
596 3736 746 3803 declarat
767 3740 930 3804 contineri
961 3742 1018 3826 qni
1046 3737 1133 3802 toti·

74 3866 204 3927 toucrit
226 3866 262 3925 ct
284 3862 343 3949 qui
363 3857 530 3943 udfircrit,
553 3862 622 3924 nisi
643 3854 938 3940 deferrdnrrtrrr²⁶).

105 4093 149 4152 26)
172 4093 239 4142 inid.
269 4088 298 4154 §-
326 4093 352 4140 1.
389 4092 572 4140 «Poieslriem
632 4091 723 4153 augit,
751 4102 785 4140 ns
806 4089 977 4139 adversarius
1002 4089 1061 4138 cius
1088 4101 1132 4139 co·

81 4187 184 4231 «sutem
210 4181 252 4230 rui
280 4192 338 4230 nou
365 4178 444 4237 iacit,
475 4180 521 4242 qui
548 4179 573 4228 id
632 4179 727 4242 opiam
755 4178 796 4228 sui
827 4179 933 4228 habeat
982 4178 1053 4242 Erpo
1071 4176 1132 4226 lori-
