3114 5046
167 334 257 422 ot.
271 328 602 434 &monensi
614 339 651 405 et
672 327 854 406 Vmor).
867 332 1086 451 amm
1114 329 1179 394 uo

155 552 186 599 ro
205 531 366 614 oonsilio,
399 530 516 612 ordine
537 530 697 615 exituque
725 532 770 594 sit
798 530 973 610 instituta,
1005 546 1181 620 cognose
1215 544 1291 644 m

155 670 233 723 ι
1292 633 1296 640 .

178 774 268 845 Num
295 776 513 862 posteaquam
544 774 780 840 refutationem
808 773 898 838 iiiius
925 774 1132 862 argumenti,
1163 790 1184 839 e

155 896 366 990 gnideatione
395 897 491 963 uerbi
512 894 672 963 uetuere
698 896 814 982 petiti,
848 896 954 981 primo
982 893 1051 979 iiii,
1088 911 1184 980 quem

155 1018 272 1106 iudi,
293 1018 499 1085 defensionis
512 1018 589 1084 looo
610 1014 851 1103 quodammodo
873 1006 1186 1104 intenuit(o.12.)‚

155 1124 244 1209 rado
264 1142 406 1209 alterum
426 1140 553 1225 locum,
582 1144 686 1204 antea
714 1137 853 1225 dietum,
888 1127 1108 1224 interposuit,
1140 1136 1186 1205 ad

155 1279 185 1333 te
216 1259 301 1331 Nost
329 1261 440 1329 deieci
471 1262 535 1329 sed
562 1261 684 1328 obstiti
710 1261 746 1326 in
778 1258 885 1327 medio
912 1261 1035 1346 eapite.
1057 1257 1108 1325 ir.
1123 1260 1187 1325 ita

155 1385 321 1472 uertitur,
341 1388 380 1448 ut
401 1385 512 1468 priua,
534 1400 631 1468 quam
653 1401 774 1449 nouum
796 1379 932 1468 aliquod
954 1385 1186 1470 argumentum

155 1504 165 1573 i
199 1503 423 1573 reieiiendum
459 1505 576 1589 offert,
617 1506 720 1596 ionga
759 1504 895 1589 lateque
933 1501 1117 1590 defendat,
1151 1503 1188 1569 in

155 1628 291 1695 tionum
318 1626 471 1693 formulis
498 1629 709 1712 eaeterisque
740 1626 843 1692 rebus
869 1628 937 1690 tsm
967 1621 1068 1691 dietis
1089 1625 1187 1711 quem

155 1749 262 1837 riptis
282 1749 435 1815 omnibus
454 1750 655 1815 sententiam
673 1749 786 1833 potius
807 1763 849 1813 ao
867 1744 1075 1812 uoluntatem
1090 1764 1187 1832 quam
1279 1768 1281 1777 ¹

155 1870 230 1939 {ita
253 1871 404 1957 spectari
436 1875 472 1936 et
499 1872 613 1938 ualere
636 1874 806 1956 oportere.
850 1868 949 1952 Quod
971 1872 1189 1957 praeceptum

155 2010 189 2061 ro
218 1992 329 2082 magis
358 1991 547 2077 confirmet,
580 1994 673 2078 prius
703 1994 747 2083 in=
766 1991 947 2060 interdicto
977 1991 1075 2059 de'ui
1097 1996 1132 2058 et
1154 1994 1189 2057 in

155 2132 198 2181 a·
218 2113 325 2205 uerbo
354 2111 513 2180 Deiieere
541 2115 712 2198 consistit,
743 2103 948 2201 liberamque
977 2117 1049 2182 eius
1078 2087 1189 2180 inter-

155 2235 348 2305 rotationeru
377 2236 477 2301 etism
502 2235 538 2300 in
558 2237 635 2302 aiiis
656 2237 728 2302 eius
749 2237 831 2302 iuris
853 2237 1005 2321 partibus
1027 2238 1190 2317 obtinere,

155 2358 305 2425 metum
338 2358 415 2422 oiim
443 2359 478 2422 in
510 2357 616 2423 uerbo
643 2358 830 2423 detmdore
861 2359 1047 2425 obtinuisse
1067 2358 1189 2425 dooet:

155 2477 265 2564 riade,
300 2477 419 2544 relioto
441 2476 621 2545 interdicto
650 2478 694 2544 ad
723 2478 937 2565 altomuro,
970 2457 1060 2564 iura,
1095 2480 1192 2569 teges

155 2602 296 2686 hnque
316 2598 543 2686 quotidianam
576 2598 790 2687 digrediens,
819 2601 951 2666 ratione
973 2607 1008 2667 et
1029 2601 1192 2686 exemplis

155 2720 293 2808 mut,
322 2720 463 2787 eandem
492 2722 614 2806 uirique
636 2711 726 2786 iiiam
748 2719 992 2807 interpretandi
1014 2721 1192 2788 utilitatem

155 2845 430 2928 mutemque
461 2845 496 2908 et
524 2861 600 2908 esse
629 2847 665 2908 et
686 2844 879 2927 existimari.
921 2842 1049 2908 Postea
1070 2841 1115 2908 ed
1135 2843 1191 2907 in-

155 2961 307 3033 raom
328 2961 370 3029 de
391 2965 425 3028 ui
446 2966 574 3056 armata
600 2962 705 3044 redit,
741 2964 891 3048 aliasque
917 2964 1080 3031 formulae
1108 2982 1192 3050 par-

155 3104 182 3154 ι
206 3103 251 3153 ae
270 3085 406 3172 singna
427 3085 532 3151 uerba
554 3086 733 3170 proponit,
765 3103 872 3171 eaque
892 3087 1019 3172 omrdo,
1041 3086 1193 3172 oonsilio,

155 3208 318 3290 utentia,
344 3206 520 3273 uoluntate
542 3204 739 3271 Praetorum
760 3207 918 3275 utiliore
940 3207 1130 3293 praeclara,
1163 3208 1193 3272 si
1211 3200 1214 3208 ’

155 3328 308 3397 mirorum
333 3330 477 3417 argutiis
509 3332 543 3394 et
573 3328 822 3411 captationibus
848 3322 1081 3418 indulgeatur,
1113 3348 1193 3398 eor.

155 3452 235 3538 npi
267 3449 421 3536 adeoque
452 3452 558 3515 totum
587 3449 799 3518 interdictum
827 3450 983 3516 infirmari
1003 3452 1136 3518 laborat
1156 3456 1195 3517 ut

155 3572 351 3662 italiigutur.

192 3693 224 3760 E
255 3693 362 3782 longa
397 3693 454 3758 iliu
492 3690 702 3781 digressione
735 3693 868 3761 tundem
909 3695 953 3762 od
989 3696 1196 3780 propositum

155 3817 315 3882 auertitur
345 3806 399 3896 (e.
430 3804 507 3895 23.)
557 3813 713 3904 «Venio,
748 3816 871 3904 inquit,
906 3835 1001 3883 truite
1027 3818 1077 3882 ad
1107 3816 1198 3883 laud

160 3940 277 4004 nmen:
300 3934 383 4003 Non
407 3937 535 4025 deieci,
556 3954 627 4001 oron
649 3940 742 4001 entim
763 3941 833 4003 nui
853 3939 1054 4004 accedere·
1088 3937 1197 4005 Prae-
1229 3925 1234 3935 ’

155 4062 223 4126 our
259 4057 358 4123 huius
386 4055 594 4122 detensionis
625 4057 837 4144 refutationi,
873 4061 968 4146 quusi
1001 4079 1090 4129 nuno
1124 4060 1197 4146 pri-

155 4199 216 4248 num
238 4181 273 4245 in
296 4196 369 4246 eam
389 4177 571 4260 inuideret,
599 4181 702 4265 atque
730 4179 774 4247 ad
795 4199 865 4247 rem
885 4182 1068 4272 gerendum
1100 4183 1197 4249 iustis
