3114 5046
71 359 106 436 s.
123 346 162 419 7.
192 344 254 420 A'.
271 343 338 433 0¹.
352 345 541 419 absentem
558 352 660 419 reete
677 343 886 443 defenderit
903 367 1031 420 neone.
1076 345 1136 408 149

70 539 199 616 datus,
227 537 266 600 ut
287 552 330 599 ne
352 536 386 599 in
408 534 479 599 lure
497 531 643 625 'dicendo
667 533 797 619 quidem
819 532 1038 600 Praetoribus
1059 534 1293 654 1116-Λξ231ᾞ

69 660 173 722 nilum
195 656 353 742 aequasi
376 657 503 745 regium
526 654 696 739 Imperium
725 656 908 743 tribuatur3
945 658 1039 721 immo
1069 656 1135 720 tri·-
1153 658 1233 710 ”¹¹⁸⁶-

68 779 147 844 buni
179 778 304 866 plebis,
338 778 453 842 auxilii
482 750 603 845 caussa
635 779 824 861 constituti,
857 779 956 844 sicuti
989 780 1135 845 caeteris

69 899 341 989 magistratibus,
362 901 409 965 tta
432 881 531 964 etlam
553 898 723 983 Praetori,
754 897 883 984 siquid
905 900 1049 984 iniquius
1071 896 1135 964 de-

69 1022 234 1106 creuerit,
266 1038 388 1087 caussa
414 1022 551 1110 cognita
580 1019 791 1086 intercedere
811 1021 1004 1105 imperiique
1026 1023 1134 1085 ulma

69 1144 161 1228 ciue,
194 1143 250 1227 qut
277 1141 441 1207 aduersus
469 1144 620 1208 iniuriam
651 1160 689 1208 se
716 1143 957 1230 appellauerit,
990 1142 1068 1230 lege
1092 1160 1134 1208 ac

69 1282 161 1329 more
182 1262 354 1348 depellere
375 1264 517 1348 possint

131 1382 224 1466 Quid
252 1386 356 1474 igitur
384 1377 465 1450 est?
494 1384 639 1450 Praetor
664 1383 824 1450 Alienum
854 1385 1007 1452 iudicium
1028 1386 1135 1451 sotis-

69 1506 150 1570 doto
187 1508 344 1591 accipere
380 1508 549 1590 iusserat3
586 1507 650 1570 nisi
686 1507 750 1571 ita-
769 1508 1001 1590 aeciperetur,
1037 1507 1136 1572 bonis

69 1625 219 1708 Quinctii
250 1626 478 1712 possidendis,
513 1627 780 1714 proscribendis,
814 1627 1001 1709 uendendis
1033 1631 1135 1712 pote-

70 1753 192 1815 statem
215 1767 308 1814 suam
334 1749 656 1817 accommodatunuu
683 1768 721 1815 se
749 1748 956 1815 ostenderat.
1009 1749 1135 1814 Alfeno

71 1870 243 1937 decretum
265 1868 347 1934 illud
368 1872 513 1956 iniquum
536 1870 728 1959 uidebatur,
757 1870 961 1955 confidebat,
993 1872 1135 1935 tribunis

70 1993 179 2075 plebis
200 2009 239 2056 se
261 1991 492 2079 probaturum,
513 1995 586 2057 sine
608 1992 830 2059 satisdatione
852 1991 1006 2060 iudicium
1025 1990 1135 2074 Quin-

70 2116 126 2179 ctii
148 2114 285 2178 nomine
306 2115 460 2198 accipere
481 2114 544 2178 sibi
567 2115 678 2179 licere.
726 2113 820 2203 Ergo
842 2116 995 2180 tribunos
1017 2114 1135 2198 piebis,

70 2235 300 2323 magistratum
322 2235 436 2299 auxilii
459 2251 580 2301 caussa
602 2236 836 2320 constitutum,
857 2237 1043 2321 appellauit
1055 2229 1103 2315 16).

129 2352 282 2436 Quodsi
304 2357 481 2449 collegium
504 2357 709 2423 tribunorum
736 2375 857 2423 caussa
886 2359 1024 2446 cognita
1051 2375 1135 2442 pro-

68 2477 282 2564 nunciasset,
305 2495 446 2561 aequum
469 2478 640 2561 postulare
661 2457 846 2558 Alienum,
859 2497 902 2543 ne
923 2480 986 2542 sibi
1003 2477 1133 2563 quidem

68 2597 174 2662 uideri
196 2596 364 2663 satisdare
386 2598 510 2665 debere
532 2603 782 2683 procuratorem
805 2600 893 2682 eins,
915 2600 987 2684 qui,
1009 2600 1036 2663 si
1060 2601 1133 2682 ipse

68 2717 221 2799 adesset,
260 2719 427 2785 satisdare
459 2738 527 2783 non
556 2719 711 2803 deberet,
747 2719 873 2785 Alfeno
903 2737 941 2784 se
970 2718 1133 2784 aduersus

69 2839 245 2906 Praetoris
260 2845 460 2925 potestatem
472 2842 597 2905 auxillo
610 2841 755 2906 tuturos:
772 2859 856 2926 quae
868 2839 1000 2904 tandem
1012 2859 1132 2907 caussa

71 2960 131 3027 dict
155 2964 342 3048 potuisset,
372 2965 450 3046 quin
481 2966 551 3028 lure
577 2966 611 3028 et
636 2981 726 3028 more
749 2981 809 3046 pcr
830 2965 1058 3052 magistratum
1080 2964 1132 3028 lo-

70 3084 168 3172 gtbus
190 3086 407 3149 constitutum
430 3082 576 3148 Alfenus
596 3102 617 3148 a
638 3084 824 3149 satisdandt
845 3086 995 3150 molestia
1011 3084 1133 3150 decre-

72 3208 171 3290 toque
195 3202 369 3269 Praetoris
390 3223 468 3270 sese
490 3223 562 3271 curn
585 3203 742 3287 Quinctio
763 3197 972 3271 liberasset?

133 3327 209 3392 lloc
224 3327 381 3409 amplius:
403 3321 442 3391 st
454 3324 588 3392 Fabius
602 3328 668 3409 ille,
680 3322 732 3392 M.
744 3325 853 3392 'l'uibt
866 3320 1134 3411 aduersariusffli,

74 3447 213 3512 tubunis
234 3448 360 3533 plebis,
396 3465 480 3531 quos
501 3449 749 3532 appellauerat,
787 3449 929 3533 probaro
951 3453 1133 3535 potuisset,

106 3675 150 3743 15)
168 3679 471 3741 assecurationem
491 3693 573 3743 quam
631 3682 693 3729 «tto
722 3684 827 3739 tomen,
855 3694 928 3730 more
952 3686 976 3731 et
996 3684 1131 3742 instituto,

72 3769 348 3818 erudientiumauimts
361 3766 464 3817 offundi
479 3765 574 3820 Cicero
632 3783 700 3830 «per
718 3781 777 3816 eom
796 3771 1000 3832 meretriculam,
1020 3773 1066 3833 put
1085 3784 1133 3819 aa·

76 3856 170 3905 studet.
205 3856 272 3906 Vide
285 3870 309 3905 c.
323 3857 350 3906 ’1.
365 3861 456 3919 (supra
470 3870 496 3919 p.
511 3856 572 3906 tao.
631 3857 715 3905 «sitit
751 3871 846 3905 caussa
878 3859 1037 3908 constitutus
1066 3864 1131 3909 est.»

76 3949 130 3992 aot
153 3942 210 4005 28.)
234 3959 259 3994 c.
282 3945 326 3995 2⁰.
375 3945 571 3994 «Fatetur...
631 3945 706 3995 Adde
732 3959 757 3993 c.
782 3945 825 3994 66.
852 3942 889 4008 (p.
910 3945 970 3995 tsi,
997 3952 1052 3998 noi.
1073 3945 1131 4008 (tt.)

85 4032 573 4096 «litonum...iudiciumquinao-
630 4047 654 4083 c.
682 4034 727 4082 28.
757 4056 789 4066 -
817 4033 917 4084 Couier
942 4036 1023 4084 eiiam
1049 4047 1130 4098 supra

90 4120 196 4181 «ciperet
213 4122 241 4171 in
259 4134 291 4171 ea
313 4123 371 4184 ipss
385 4123 484 4181 uerba,
503 4134 573 4183 quas
630 4136 656 4185 p.
677 4121 737 4171 163.
758 4128 814 4172 not.
832 4122 860 4172 6.

96 4205 211 4260 *Noouios
224 4211 337 4272 edebat,
353 4222 572 4269 noarecuaaas03
664 4210 710 4267 ro)
729 4208 796 4261 Vide
819 4223 900 4274 supra
925 4225 951 4274 p.
972 4210 1033 4261 itt.
1053 4223 1129 4275 seqq.
