3114 5046
224 330 263 408 s.
293 321 334 392 9.
374 314 557 416 Defensio
573 319 616 390 irs
630 326 761 416 partes
779 319 950 413 locosque
968 317 1127 419 dipesta.
1176 320 1236 383 ¹⁹3

236 659 250 689 ι
263 633 437 717 patulsse,

237 508 389 574 metriae
416 495 640 588 (estendam)
668 525 714 571 eu
744 505 875 573 Edicta
905 513 940 573 te
966 510 1144 594 possidere
1165 529 1237 576 stoa
1265 525 1312 592 ,ου
1337 529 1403 575 raru-

232 756 434 833 «postremo
456 768 526 815 reare
546 750 768 834 possedisse·

172 875 215 938 sie
238 870 398 936 uidentur
416 873 647 958 interpretari,
673 874 711 935 ut
734 873 935 959 «possidere
964 892 1033 938 sture
1053 880 1232 960 potuisse·

175 997 227 1058 αεὶ
242 1012 317 1059 aea
335 993 553 1080 possedisse·
573 994 663 1057 inter
679 1011 717 1058 se
734 997 966 1081 opponantur,
988 1013 1094 1081 euque
1113 994 1236 1061 listin-

172 1117 281 1181 etlone
316 1116 490 1200 utriusque
529 1115 637 1199 partis
672 1116 862 1199 proprietas
898 1118 971 1181 totu
1007 1119 1236 1204 contineatur,

172 1346 221 1398 llee
247 1352 344 1396 tumen
374 1345 445 1395 inter
469 1357 564 1395 omnes
593 1345 675 1408 plane

173 1436 308 1485 conuenit.
358 1433 427 1484 Num
457 1447 526 1496 quos
554 1437 674 1483 extreme

173 1522 225 1573 loeo
252 1523 436 1583 enumenui,
467 1520 673 1572 tresVV.1)D.

175 1612 198 1660 iu
213 1613 306 1662 medio
321 1624 347 1661 e.
362 1610 405 1660 Μ.
419 1611 565 1660 terminum
578 1623 674 1674 posue·

175 1707 245 1761 runt,
272 1705 304 1750 nt
323 1713 355 1749 ex
375 1704 491 1763 quatuor
508 1698 562 1748 illis
582 1698 674 1748 delen·

177 1789 251 1838 sienis
270 1789 361 1849 locis,
389 1801 457 1850 quos
475 1788 577 1837 caeteri
595 1800 611 1836 s
632 1800 674 1837 se·

178 1877 354 1941 eunde‘parte
370 1875 506 1938 euellunt,
525 1876 579 1925 duo
593 1876 621 1924 in
634 1876 673 1925 in-

179 1968 243 2027 tegro
256 1965 461 2030 relinquantur.
486 1965 613 2014 Attamen
629 1977 674 2014 ee·

180 2053 342 2117 rum'epinio
362 2052 459 2102 iisdem
476 2051 533 2102 lere
557 2065 590 2102 ne
613 2065 673 2102 ese·

181 2145 289 2192 tenerum
313 2141 423 2192 uidetur
451 2145 479 2191 et
501 2141 574 2191 uitiis
599 2141 673 2191 labe·

182 2242 231 2280 rare
245 2237 273 2282 et
291 2229 461 2293 argumentis
474 2230 628 2280 concidere.
642 2253 672 2265 -

182 2317 268 2371 luntre
295 2332 406 2369 meeum
441 2319 562 2369 sentiunt
590 2315 674 2367 lluto-

182 2418 281 2462 rsasss,
314 2406 475 2461 Munatius,
509 2405 671 2458 Mmardas.

182 2493 323 2550 imitas,
344 2494 509 2561 Bummupas
527 2496 568 2554 (in
584 2495 610 2544 d·
622 2494 672 2544 Ed.

182 2581 319 2644 tectore,
338 2585 412 2635 unde
428 2597 500 2648 quae
512 2585 597 2635 liuius
614 2596 675 2633 ora·

182 2673 249 2724 tionis
282 2679 476 2736 argumentum
514 2672 672 2733 continent,

182 2762 341 2821 paucissimis
366 2762 501 2826 exeeptis,
528 2761 556 2810 in
574 2761 673 2811 Editio·

181 2860 232 2900 uem
243 2850 375 2910 leardi,
388 2856 469 2900 antea
479 2863 674 2899 commemora-

181 2941 237 3002 tm,
256 2940 291 2990 ud
311 2940 429 2989 uerbum
446 2939 574 2988 translatu
588 2935 673 3000 sunt),

181 3022 367 3086 lenuiriaslin
375 3025 512 3092 synopsi).
532 3027 581 3076 llis
592 3027 674 3075 etism

179 3113 315 3167 laustinus
333 3116 445 3179 adiungi
466 3116 549 3175 solet,
575 3117 621 3178 qni
640 3114 674 3164 sd

179 3200 249 3254 inem
275 3206 374 3268 cupitis
400 3205 445 3254 27.
471 3205 510 3253 sin
528 3204 675 3252 adnotuue·

179 3293 219 3342 rit:
239 3293 559 3344 «fliedesideruntures
571 3293 674 3351 omnia,

180 3392 259 3445 tenue
273 3382 309 3432 ad
316 3383 426 3432 tertium
439 3382 581 3431 diuisionis
590 3393 675 3429 mem·

181 3471 291 3529 rtrum,
323 3483 424 3534 nempe
452 3469 584 3519 Naeuium
620 3481 675 3517 aen

182 3558 348 3618 «possedisse,
360 3559 545 3621 pertinebant:
561 3565 588 3608 et
599 3570 674 3620 prae-

183 3653 266 3697 «teres
286 3660 374 3710 pauca
399 3647 533 3710 quaedam
552 3661 582 3696 ex
602 3649 673 3709 prin·

184 3738 263 3799 «cipio
293 3735 422 3798 epilogi.»
442 3760 476 3769 -
512 3734 564 3785 Sed
592 3749 673 3798 quem

185 3832 271 3874 uenum
290 3824 337 3873 ille
354 3836 476 3873 errorem
496 3823 547 3872 sibi
565 3837 674 3886 eompa-

127 3916 140 3985 ᾗ
188 3915 286 3972 tenerit,
307 3912 471 3973 intelligitur
482 3925 513 3961 ex
535 3913 583 3973 iis,
604 3924 674 3975 quae

132 3996 143 4075 i
190 4005 290 4057 purime
299 4002 467 4064 praecedunt
478 3999 519 4063 (in
531 4001 577 4050 Ed.
595 4000 672 4050 1566.

138 4078 144 4149 ¹}
192 4088 290 4152 iiii.)
321 4091 356 4140 ud
384 4090 526 4152 rupertum
552 4089 674 4139 eiusdem

140 4158 145 4241 ᾗ
194 4185 210 4219 t·
223 4178 260 4227 li.
280 4180 361 4228 uerba
380 4178 497 4227 Praetm
508 4182 531 4227 ts
549 4176 675 4240 quemad·

224 4285 332 4332 Senatus,
348 4287 393 4327 lie.
408 4286 425 4325 l.

730 1344 839 1393 modam
865 1346 1001 1407 possidere
1025 1348 1103 1397 iussit
1133 1355 1159 1399 et
1183 1350 1234 1411 ppl.

731 1432 844 1482 directa.
865 1430 909 1483 Sic
920 1435 993 1483 enim
1007 1437 1130 1498 scripsitr
1146 1416 1236 1489 utute

732 1522 824 1570 «haee
841 1522 925 1572 uerba
939 1523 1006 1573 iussi
1018 1526 1135 1587 spatium
1153 1528 1235 1578 inune

732 1608 889 1673 «relinqui,
916 1617 946 1661 ut
972 1611 1057 1662 lector
1085 1615 1175 1664 miuus
1197 1621 1236 1665 ut-

731 1702 841 1747 «tentus
861 1699 993 1762 intelligat
1008 1700 1112 1767 aliquid
1130 1702 1233 1754 deesse.

733 1785 839 1836 «Deest
854 1793 961 1847 antem,
982 1789 1035 1837 nisi
1048 1789 1142 1849 fallor,
1158 1793 1235 1851 prin·

731 1876 854 1935 eriptam
879 1877 952 1925 tertii
981 1877 1092 1926 membri
1124 1880 1236 1931 nunclu-

731 1963 856 2025 ssionis,
892 1977 955 2014 eum
982 1964 1059 2015 breui
1085 1969 1236 2019 commoui-

731 2050 828 2101 stione
848 2050 962 2114 iudlels,
982 2052 1034 2102 hoe
1053 2052 1153 2106 moda:
1181 2053 1236 2106 Du·

732 2141 815 2201 seue,
842 2138 870 2188 0.
894 2138 1003 2203 Aquili,
1029 2142 1101 2204 qaod
1117 2143 1234 2194 seeundo

731 2229 815 2278 alueo
829 2229 968 2291 pellicitus
982 2242 1057 2283 sum,
1090 2243 1124 2280 ee
1138 2230 1234 2283 Edicto

732 2316 891 2366 «Praetoris
905 2315 975 2366 bena
987 2316 1018 2365 P.
1035 2316 1155 2378 Quinctii
1168 2319 1234 2371 itae

731 2407 831 2454 «aiam
845 2404 980 2466 possidere
999 2406 1073 2455 nullu
1093 2406 1173 2457 modo
1185 2422 1234 2471 pu·

731 2495 851 2550 aluisse,
871 2494 943 2557 quoa
971 2507 1054 2556 meque
1081 2494 1235 2556 fraudatio-

732 2584 799 2632 um’s
817 2596 901 2632 caasa
925 2584 1058 2643 latitaret,
1089 2597 1173 2647 neque
1191 2599 1234 2636 su·

734 2671 820 2719 «sulii
833 2684 916 2720 eastra
936 2671 1022 2719 solum
1047 2674 1171 2728 uerterit,
1191 2688 1234 2724 ns·

733 2771 807 2821 sque
820 2759 913 2808 absum
925 2760 1026 2807 iusticie
1042 2759 1165 2821 defensas
1179 2775 1234 2812 aen

733 2846 845 2909 afuerit,
856 2848 1015 2910 nepuebona
1026 2849 1080 2896 eius
1086 2851 1232 2900 venierint:

733 2937 895 2997 «exquibus
910 2938 990 2986 etiam
1005 2936 1051 2990 id,
1084 2938 1155 2999 qaod
1177 2945 1234 2989 erat

734 3027 878 3079 «tertium,
898 3026 1046 3087 intellipers
1069 3025 1146 3079 lieet,
1166 3027 1233 3078 llas·

732 3115 831 3163 sulum
857 3114 927 3163 bona
957 3113 1074 3174 Quinctii
1094 3127 1150 3162 non
1175 3130 1233 3178 pus-

732 3216 746 3246 «
758 3204 868 3258 reatem
897 3203 969 3264 quud
991 3208 1079 3252 tamen
1095 3205 1159 3253 milri
1172 3218 1233 3266 per·

733 3305 746 3335 a
754 3289 833 3352 [acite
850 3297 887 3339 est
905 3305 937 3338 ea
953 3293 1039 3352 ipsias
1051 3293 1129 3340 edicti
1145 3293 1233 3342 uerbis

733 3379 909 3429 austerrdere:
936 3377 1052 3428 Praetor
1070 3384 1094 3429 ts
1111 3383 1233 3443 quernae·

731 3469 863 3516 «mudum
880 3473 947 3517 ete.»
968 3493 999 3503 -
1020 3468 1233 3520 Caeterumeon·

731 3555 852 3606 serantur
870 3559 951 3606 etiam
976 3570 1046 3619 quae
1066 3556 1233 3608 Fueeiolutas

730 3645 759 3701 tl.
779 3645 797 3693 l.
818 3661 845 3710 p.
871 3644 928 3708 ll.)
954 3646 1051 3703 tradit,
1084 3645 1234 3696 Martinam

731 3733 762 3781 de
781 3732 869 3794 Cypne
882 3746 914 3781 ac
930 3731 1129 3781 Meroaullltum
1142 3735 1175 3784 de
1186 3736 1232 3784 ille

731 3823 846 3884 partium
858 3821 992 3869 diuisione
1005 3822 1123 3871 sensisse
1134 3836 1141 3880 ;
1162 3837 1232 3885 quo-

730 3923 789 3959 rum
806 3909 873 3957 milri
886 3909 1008 3958 nondum
1021 3910 1098 3971 eopia
1117 3909 1177 3961 luit.
1201 3937 1229 3947 -

731 3999 854 4048 Veterem
864 3998 1014 4047 sententiae
1024 4006 1232 4049 uostreeuueto·

731 4102 788 4136 rem
815 4087 877 4135 uide
902 4085 1072 4135 Martiarum
1099 4086 1232 4148 Capellam

731 4173 785 4239 (ap.
805 4175 915 4237 Cuppsr.
932 4189 958 4237 p.
972 4172 1057 4239 titi.

931 4284 969 4343 13

1254 589 1311 622 nens
1319 591 1402 623 renuu-

1255 652 1328 679 uerus.
