3114 5046
207 297 246 371 s.
273 285 305 358 1.
359 279 421 354 De
445 280 669 354 hereditatis
695 287 967 356 ermtrouereio.
1063 284 1123 346 291

63 484 138 570 illa,
169 501 267 569 quam
289 481 419 548 'l'ullius
440 482 663 567 demonstrat3
697 501 764 546 non
788 481 884 546 huius
908 483 972 548 loci
993 487 1047 548 est
1068 486 1124 546 in·
1143 502 1248 609 {m
1276 505 1295 540 r.

60 606 250 693 uestigare,
271 605 333 671 sed
354 604 443 669 inira
465 604 674 670 tractabitur.

126 783 224 850 Nunc
251 785 420 849 sententia
454 783 630 866 explorata
660 779 703 845 ad
732 782 835 846 uerba
865 783 928 848 loci
960 784 1122 867 propositi

59 906 301 991 lectionemque
322 903 508 971 redeamus.

1157 1079 1227 1120 Lectio
1260 1085 1272 1121 d

120 1082 347 1168 Posteaquam
388 1084 625 1170 cognoulmus,
677 1078 869 1149 Caecinam
907 1083 1011 1147 fuisse
1056 1104 1122 1148 nou
1157 1135 1209 1188 spa
1232 1137 1263 1181 ,θ’

58 1203 268 1294 deludium,
302 1206 355 1290 qui
380 1206 466 1270 bona
490 1203 679 1289 possederit
702 1208 736 1269 et
758 1204 901 1270 familiae
924 1204 1121 1271 herciscun-

58 1327 118 1392 dae
141 1328 302 1394 arbitrum
332 1328 571 1410 postulauerit,
604 1326 684 1390 iilud
713 1345 844 1411 quoque
872 1330 982 1411 patet,
1015 1346 1122 1412 neque

58 1450 236 1538 uulgarem
253 1447 409 1514 Codicum
432 1449 608 1513 lectionem
632 1467 739 1533 neque
762 1467 891 1531 earum,
915 1469 998 1533 quas
1020 1467 1122 1533 supra

57 1571 241 1655 retulimus,
268 1570 544 1648 coniecturarum,
571 1575 803 1655 praeterquam
828 1568 1004 1656 sclarea,
1027 1572 1125 1635 uliam

58 1692 135 1758 ierri
160 1709 282 1776 posse,
315 1690 402 1757 hanc
424 1710 505 1757 uero
528 1693 575 1756 ita
597 1709 672 1756 esse
703 1691 977 1776 praeferendam,
1013 1695 1050 1756 ut
1079 1691 1121 1756 ad

58 1832 192 1879 sensum
217 1810 348 1898 quidem
370 1812 451 1877 nihil
473 1814 538 1893 sit,
561 1810 651 1897 quod
672 1811 918 1898 reprehendas,
948 1813 990 1878 de
1011 1814 1125 1878 uerbis

57 1939 164 2002 autem
201 1936 252 2000 sie
280 1937 468 2018 statuatur,
505 1933 593 2019 quod
624 1936 718 2019 prius
745 1936 881 2020 scripsit
916 1939 1031 2000 «tete’
1062 1954 1124 2020 pro

60 2064 179 2143 mpre·
194 2058 321 2123 eertum
347 2074 423 2121 esse
449 2057 735 2141 ipsissimumque,
758 2055 846 2141 quod
874 2055 1011 2122 Pulliae
1035 2036 1124 2123 serl-

59 2173 261 2262 pamelio:
298 2179 436 2242 alteram
469 2196 600 2262 quoque
628 2178 852 2244 coniecturam
884 2183 974 2244 «iste
1006 2180 1123 2263 paucis

61 2299 246 2383 .dlebus·,
289 2297 366 2363 dum
398 2299 514 2364 melius
542 2297 665 2385 aliquid
695 2299 872 2383 afferatur,
915 2299 1121 2384 probandam

59 2438 130 2486 esse
145 2425 250 2506 atque
263 2419 350 2486 adeo
367 2423 400 2485 in
423 2424 550 2485 textum
573 2420 808 2506 recipiendam,
823 2426 859 2485 at
874 2419 916 2484 de
931 2423 1005 2505 ipsa
1020 2420 1120 2486 'luliii

59 2544 223 2628 scriptura
244 2560 285 2607 eo
306 2560 412 2627 usque
435 2541 578 2607 dubitari
605 2542 722 2622 licere,
753 2545 806 2626 ut,
839 2544 867 2605 si
898 2545 951 2608 cui
973 2546 1122 2627 suspicio

61 2653 227 2749 inciderit,
249 2667 326 2749 post
349 2682 463 2729 uocem
477 2663 673 2750 postulauit
696 2664 749 2728 uel
765 2660 879 2751 Atque
902 2664 1005 2728 uerba
1027 2682 1120 2728 com-

62 2785 150 2866 plura
171 2785 380 2851 librariorum
414 2786 511 2869 culpa
542 2786 619 2849 olim
648 2784 833 2873 excidisse,
865 2803 907 2849 ne
935 2787 964 2849 is
991 2783 1120 2869 quidem

64 2908 153 2988 plane
177 2905 383 2972 deridendos
404 2906 504 2970 fuerit
519 2903 583 2977 26);

91 3165 131 3229 25)
148 3168 237 3230 Quum
254 3170 408 3229 saepissime
421 3167 487 3216 haee
501 3179 560 3227 pro·

69 3259 160 3308 romine
184 3270 200 3307 a
221 3256 334 3307 librariis
354 3254 494 3306 scribendo
509 3258 561 3305 sint

70 3351 230 3405 commutata,
263 3346 360 3398 uidetis
387 3345 457 3405 apud
485 3345 561 3393 Zam-

70 3435 137 3487 itlton
153 3435 187 3485 ed
206 3434 229 3483 Ι.
249 3436 278 3483 la
299 3433 403 3485 Verrem
414 3433 442 3492 7,
456 3433 499 3480 20.
514 3432 559 3491 tl,

72 3519 116 3572 iti.
134 3523 189 3582 111.
210 3521 255 3583 2⁹,
274 3521 320 3572 70.
340 3522 389 3581 lv,
411 3522 438 3581 7,
464 3522 506 3570 15.
536 3546 554 3551 -—

75 3607 131 3661 tide
153 3623 206 3675 pro
234 3609 347 3661 Coccina
375 3610 428 3669 eti,
456 3609 500 3659 et.
524 3620 558 3658 v·.

77 3696 160 3750 ¹lotura
177 3701 272 3756 locum
284 3699 375 3764 iugis»
391 3699 456 3757 rel,
477 3698 523 3746 ubl
534 3701 560 3748 ln

78 3788 179 3839 omuibus
200 3802 285 3852 paene
305 3788 391 3839 Codd.
410 3800 461 3838 uor
482 3790 563 3837 istam

80 3879 222 3939 corruptelae
242 3879 331 3930 cessit.

102 3964 136 4028 tt)
154 3967 244 4018 videri
265 3971 352 4028 potest
367 3966 418 4015 hoe
432 3965 489 4015 loco
503 3978 561 4016 uar-

83 4055 127 4102 auo
158 4056 314 4111 sterilitate,
357 4056 442 4105 omnis
473 4060 560 4104 autem

85 4145 141 4191 *snio
163 4147 291 4195 tenuitate
316 4149 342 4194 et
368 4144 452 4195 ueluti
478 4144 561 4192 maela

618 2925 811 2991 quamquam
842 2907 920 2970 nolo
943 2922 1014 2970 eam
1037 2924 1122 2971 con-

618 3167 731 3230 quudam
750 3167 878 3218 laborare.
917 3166 1019 3218 Deinde
1041 3179 1122 3230 quam

618 3255 752 3305 Selaiziut
768 3256 930 3316 improbauit
951 3255 1060 3319 liguram
1083 3255 1123 3305 dl·

618 3345 694 3396 cendi
713 3359 727 3388 o
737 3345 790 3393 iilis
808 3345 1045 3407 poenituimus»,
1071 3359 1121 3403 ea,

618 3437 706 3495 siper
731 3447 759 3484 se
792 3434 992 3492 consideretur.
1015 3436 1123 3484 minime

619 3524 713 3573 uitiosa
743 3526 890 3586 optimique
924 3523 1036 3585 exempli
1073 3529 1121 3573 est.

619 3611 695 3661 Coni-
717 3614 747 3659 ia
768 3611 872 3660 Verrem
892 3611 951 3660 Aet.
971 3612 1000 3673 1,
1022 3613 1054 3670 e,
1078 3612 1122 3661 17.

618 3701 689 3761 Quid
706 3699 778 3763 quod
798 3702 878 3749 etiem
896 3703 1009 3749 otiorum
1028 3713 1123 3761 prono·

618 3802 678 3838 men
705 3789 793 3838 illisa
818 3788 851 3835 V.
878 3787 911 3835 l).
940 3800 1033 3848 parum
1060 3803 1123 3840 uere

620 3878 733 3934 dieitur,
761 3878 861 3938 quippe
879 3889 934 3937 quo
953 3877 1071 3937 adiecto.
1102 3882 1122 3927 sl

619 3971 720 4018 rectum
742 3968 799 4016 elus
821 3967 860 4016 rei
886 3979 992 4016 sensum
1017 3966 1122 4024 liabeo,

617 4056 696 4117 ponci
719 4056 774 4104 diet
793 4061 980 4117 computentur
1003 4056 1064 4104 inde
1089 4054 1123 4103 ab

619 4150 679 4193 actu
690 4144 857 4203 postulandi,
870 4150 925 4204 aut,
936 4146 957 4193 si
969 4145 1039 4206 quod
1051 4143 1122 4193 allud
