3114 5046
339 379 402 441 Μ
450 375 545 478 Gap.
576 377 609 450 1.
664 376 726 452 De
749 382 837 453 iure
863 400 1024 453 causaue
1051 375 1320 453 amoeniam.

171 578 300 692 ‘'m‘-
404 576 638 643 Verumtamen
662 578 766 661 probe
790 574 985 644 Scluatztru
1014 576 1200 663 intellexit,
1232 578 1308 643 aeia
1330 580 1402 663 itta,

341 717 436 785 quam
459 700 573 779 retuli,
610 701 804 765 coniectura
826 699 956 783 pienum
978 698 1054 765 laco
1078 696 1238 765 medelam
1259 698 1403 765 nondun

339 839 377 886 ae
398 823 563 888 attulisse.

403 944 536 1008 Etenim
559 947 714 1024 cunstat,
750 944 906 1028 uerbum,
940 943 1028 1029 quod
1049 944 1217 1027 sequitur,
1238 944 1338 1010 uidet
1362 943 1403 1009 ad

339 1063 530 1131 Aebutium
551 1066 730 1150 pertinere.
781 1062 843 1130 Cui
865 1064 969 1131 uerbo
992 1076 1095 1148 quum·
1112 1083 1176 1131 nec
1198 1082 1322 1130 numen
1344 1084 1404 1131 nec

341 1204 522 1272 pronomen
545 1188 589 1252 sit
611 1187 823 1272 appositum,
852 1184 930 1271 quid
952 1204 1068 1250 rursus
1089 1203 1131 1251 ea
1152 1189 1403 1254 construetione

341 1299 482 1373 durius?
504 1305 582 1393 qnia
604 1297 889 1398 inelegantius?³)

404 1429 512 1494 Huius
541 1429 645 1517 igitur
674 1427 896 1513 impedimenti
927 1427 1109 1513 superandi
1137 1446 1259 1495 mussa
1286 1427 1404 1498 scaa-

340 1555 434 1616 tztur
457 1552 555 1616 etiam
584 1569 644 1635 pra
673 1551 746 1617 utu
769 1551 905 1635 scripsit
935 1553 1012 1616 trte.
1053 1549 1137 1616 Nam
1158 1550 1248 1638 ura,
1282 1554 1404 1637 inqua,

341 1690 480 1757 prorsus
499 1670 552 1738 hic
575 1672 715 1736 otiosum
739 1677 807 1757 est,
830 1675 864 1737 et
886 1676 954 1738 nte
972 1674 1196 1739 necessarium
1213 1676 1283 1757 eat,
1306 1679 1342 1738 ut
1362 1672 1403 1737 ad

341 1792 519 1860 Aebutium
542 1791 660 1859 redeat
682 1794 801 1858 uratia.

402 1915 519 2007 Nuper
548 1914 692 2002 denique
724 1910 891 2002 metticae,
927 1920 1144 2001 posteaquam
1176 1912 1403 2003 invertitur

340 2033 391 2102 Μ.
417 2035 526 2102 utura
547 2035 686 2102 edendis
707 2037 911 2121 superiorem
926 2031 1078 2103 Schutzii
1098 2039 1326 2104 coniecturam
1343 2056 1403 2104 ne·

339 2160 455 2247 glecta
477 2160 585 2224 attera
600 2161 793 2243 receperat,
815 2160 848 2221 in
870 2153 1082 2224 selectarum
1104 2155 1303 2226 orationum
1322 2158 1404 2225 um-

341 2282 432 2344 tiane
462 2279 506 2343 ad
541 2280 713 2367 uulgarem
745 2274 905 2346 Codicum
937 2280 1114 2346 tectionem
1146 2298 1307 2346 reuersus
1336 2285 1403 2363 eat,

342 2399 547 2486 eandemque
572 2399 736 2466 Klotztas
758 2420 889 2486 quaque
912 2420 980 2466 non
994 2402 1100 2467 aulum
1114 2403 1271 2489 retinuit,
1294 2421 1403 2468 nerum

341 2524 440 2588 etiam
463 2525 589 2587 reiecto
621 2524 707 2586 omni
729 2525 995 2589 coniecturarum
1019 2541 1164 2611 genere,
1192 2520 1346 2589 (tetendit
1366 2543 1404 2590 ac

341 2642 451 2709 denuo
475 2643 728 2709 commendauit.

405 2801 480 2883 Qua
509 2805 542 2866 in
568 2821 622 2886 re,
655 2805 850 2886 praesertim
878 2806 1030 2870 intanta
1051 2803 1250 2873 anticoru-
1274 2806 1405 2872 dissen-

341 2918 483 3006 sionc⁴),
513 2923 592 2988 nihii
613 2926 781 3009 antiquius
803 2924 1003 3009 decoquam
1024 2932 1060 2991 ut
1084 2929 1248 2993 ratione·
1271 2930 1352 2993 iuris
1373 2933 1404 2992 et

342 3064 500 3127 caussae,
534 3064 598 3130 qua
628 3044 670 3110 de
697 3048 830 3134 agitur,
861 3049 904 3113 ab
934 3049 1085 3115 amnibus
1112 3054 1215 3115 antea
1237 3052 1353 3115 mirum
1375 3053 1405 3113 in

344 3168 472 3231 madum
496 3168 705 3253 neglectam,
733 3170 895 3234 attentius
924 3169 1172 3237 consideremus
1206 3170 1405 3261 diiigenter-

344 3309 407 3374 que
436 3293 651 3356 excutiamus.
709 3289 795 3371 Quid
827 3309 910 3380 erga
944 3282 1022 3357 est?
1055 3290 1142 3357 'l'ota
1176 3295 1331 3378 quaestio
1367 3312 1404 3357 eo

344 3410 446 3476 redit:

175 3537 320 3635 hfflffl
362 3517 375 3534 ⁶
407 3530 492 3598 Uter
514 3534 645 3597 nomine
669 3532 801 3598 heredis
817 3535 975 3602 arbitrum
999 3536 1143 3600 familiae
1164 3534 1403 3604 herciscundae
1427 3555 1447 3569 -

178 3651 303 3703 uuum*
344 3655 544 3739 postulauit,
568 3654 733 3720 Aebutius
754 3675 797 3719 an
820 3648 995 3722 Caecina?

379 3893 405 3958 3)
425 3896 519 3946 Parum
529 3897 655 3947 satisfacit
665 3896 844 3961 quadepria·
902 3910 956 3947 rurn
991 3903 1040 3948 «in
1068 3902 1248 3962 permutante
1279 3903 1447 3952 uouemus:

345 3986 414 4045 cipio
433 3988 525 4046 captus
542 3985 569 4036 8.
594 3986 696 4044 simite,
717 3987 844 4050 quemad·
902 4001 985 4049 quum
998 3989 1093 4047 urata,
1118 4001 1284 4052 quamquam
1307 3995 1334 4041 in
1354 3991 1447 4052 pie-³

344 4073 451 4124 modurn
479 4075 588 4134 dicunt,
623 4075 732 4125 atiertur
757 4088 843 4127 erem·
903 4078 991 4141 risque
1017 4077 1160 4128 (lodicibus
1188 4081 1326 4131 inuenitur
1348 4093 1435 4142 ρον

345 4163 426 4223 pium.
900 4168 1042 4225 raciones,
1059 4167 1204 4227 quinetiam
1223 4169 1251 4216 in
1270 4183 1324 4218 uno
1340 4165 1441 4229 (Petae

378 4249 404 4316 t)
423 4251 500 4303 Mitto
535 4250 679 4302 Guttteimii
710 4254 843 4303 coniectu·
901 4269 916 4305 ι
941 4256 1057 4306 secunda
1084 4261 1172 4305 iumen
1206 4269 1309 4316 manu.
1338 4261 1402 4307 isser.
1421 4277 1447 4293 a
