3114 5046
313 396 376 462 ³¹8
407 393 501 498 Gap.
530 396 564 470 i.
616 392 679 469 De
703 396 788 470 ture
814 414 974 467 messae
1002 388 1272 467 Ceremiam.

147 597 244 694 w
256 597 295 695 j:
376 596 491 662 'l'ertie
512 597 587 663 ioeo
608 595 803 682 requiritur,
831 595 868 656 ut
896 595 995 658 octor
1025 593 1058 655 ui
1085 588 1239 656 deiectus
1261 591 1309 654 sit
1333 591 1376 654 at

312 723 389 800 ipso
414 737 492 784 essm
519 736 586 808 pne
615 720 758 784 ouium
784 717 923 780 tremisse
947 717 1068 801 πρίων
1096 717 1155 777 snt
1182 729 1228 778 ex
1257 730 1373 777 eornm

314 843 425 907 tenen
446 840 621 905 noinutete
627 833 679 911 ⁴⁴).

377 1014 539 1098 Quartum
562 1020 632 1098 est,
662 1020 701 1081 ut
724 1018 821 1081 ector
841 1017 981 1099 prepter
1002 1014 1090 1080 illem
1112 1014 1178 1078 uin
1200 1012 1377 1098 possidere

314 1132 511 1213 desierit⁴⁵).
558 1136 631 1204 Nee
667 1136 789 1222 refert,
824 1134 1010 1221 prohibitus
1042 1138 1087 1200 sit
1120 1155 1220 1221 quum
1252 1135 1378 1200 intrare

315 1260 436 1342 ueilet,
464 1276 510 1325 su
531 1259 659 1325 eiectus
683 1256 925 1345 detrususque,
945 1277 1044 1343 quens
1064 1258 1110 1325 ibi
1132 1260 1203 1323 tun
1224 1262 1320 1325 esset
1329 1252 1379 1330 66).

317 1381 365 1446 At
386 1397 552 1466 nunonem
573 1379 754 1447 interdicto
775 1379 871 1446 iocus
891 1382 962 1461 est,
982 1379 1039 1445 nbi
1058 1379 1125 1445 etio
1138 1396 1263 1446 esusss
1279 1380 1379 1444 snit-

315 1498 441 1570 teudee
462 1503 688 1587 possessionis
708 1501 947 1587 interuenerit,
973 1502 1077 1569 ueluti
1099 1501 1129 1568 si
1151 1503 1295 1589 propter
1315 1500 1379 1566 nim

316 1626 502 1710 metumque
518 1625 766 1708 possessionem
783 1624 904 1709 uliquis
919 1622 1117 1690 eduerssrio
1130 1616 1379 1692 tradiderit⁴⁷).

318 1938 396 1983 «ium
414 1943 476 1983 sum
498 1936 587 1990 tenet,
612 1935 659 1995 qui
682 1930 819 1993 prohibuit
876 1929 1054 1992 «praedium,
1075 1931 1120 1981 uei
1141 1933 1163 1980 si
1184 1933 1248 1992 quis
1274 1943 1336 1980 eum
1353 1933 1380 1979 in

317 2033 420 2085 «onem
444 2022 537 2073 uenire
557 2022 584 2070 in
606 2022 817 2082 perscrutentur,
876 2019 987 2072 emedio
1000 2021 1096 2070 itinere
1106 2020 1269 2080 detinuerit,
1284 2025 1313 2069 et
1324 2021 1380 2081 ipse

318 2110 479 2162 «sedetiam
492 2122 570 2169 enm,
590 2110 637 2170 ιιιιΙ
651 2110 819 2170 possessione
876 2108 1064 2172 «possederim
1092 2111 1120 2160 ui
1142 2107 1264 2160 deiectus
1289 2107 1380 2159 uides

318 2199 432 2260 «pulsus
445 2202 500 2258 est,
519 2209 579 2248 eum
590 2199 709 2248 uenisset
718 2199 746 2247 in
758 2210 820 2260 pos-

318 2302 334 2335 «
343 2288 498 2338 sessionem.
527 2285 584 2337 Nee
598 2287 730 2349 exigitur,
750 2291 780 2338 nt
791 2289 819 2337 ui

319 2374 435 2428 «iecerit
453 2377 499 2436 qni
517 2373 682 2436 prohibuit»

351 2460 397 2527 tt)
415 2462 529 2514 i..7.ir.
544 2468 564 2513 t.
578 2461 819 2527 (emisenus

319 2565 359 2603 ss
375 2557 401 2603 ie
417 2554 446 2603 ui
469 2552 588 2604 deiectus
609 2555 675 2614 sim,
694 2554 717 2602 si
734 2553 820 2604 Titius

319 2641 454 2693 «eundem
467 2655 523 2693 renr
536 2641 673 2704 possidere
691 2643 819 2702 eoeperit,

319 2743 395 2782 «non
409 2743 518 2794 possum
536 2742 597 2781 enm
613 2731 664 2782 siio
684 2742 764 2791 ouem
782 2734 820 2782 te-

319 2832 402 2871 eeurn
436 2819 578 2872 interdicto
615 2822 757 2882 experiri.»
787 2845 818 2854 -

318 2908 394 2959 Adde
407 2908 463 2960 ioes
482 2922 561 2971 supro
579 2922 606 2971 p.
626 2906 687 2958 312.
702 2913 759 2958 not.
774 2904 818 2956 33.

318 2995 363 3046 34.
384 2999 469 3049 silete.

352 3083 398 3151 te)
416 3086 447 3135 i..
461 3086 487 3134 1.
498 3083 548 3149 55.
559 3086 603 3137 15.
614 3085 659 3136 td.
673 3086 700 3135 ir.
712 3090 731 3134 t
745 3080 820 3148 (Ver-

319 3173 424 3225 bsuide
436 3187 514 3237 suprs
528 3188 554 3237 p.
569 3175 629 3225 iiii.
644 3180 700 3226 not.
710 3172 755 3225 13.
779 3172 819 3223 De

319 3263 431 3315 tectione
452 3264 516 3314 uide
537 3262 675 3313 Seuteiem
700 3263 736 3313 tbi
762 3257 819 3325 cii.)

318 3351 381 3403 Non
400 3352 514 3403 hebetur
534 3355 614 3403 etism
636 3353 664 3401 in
687 3352 737 3401 en.
751 3351 818 3415 disp·

318 3440 385 3491 dens·
408 3438 460 3501 (lo.
485 3437 576 3503 Spbsr)
596 3438 675 3489 1133.
699 3446 726 3488 et
754 3439 818 3487 idid.

319 3524 454 3591 medin.)
473 3524 552 3579 1513.

352 3613 492 3680 16)1..1.
519 3612 549 3677 §-
569 3614 613 3664 nt.
633 3614 660 3664 ir.
681 3620 700 3662 ι.
733 3613 818 3664 estne

319 3711 430 3756 «ιιιιιιιι
451 3716 561 3765 eorpore
579 3706 637 3755 siue
658 3704 746 3753 enimo
760 3714 819 3763 pos·

319 3793 430 3845 «sidens
443 3796 503 3858 quis
519 3793 638 3844 deiectus
659 3796 712 3852 esi,
733 3791 818 3852 poium

320 3887 382 3934 sesi
394 3896 454 3934 eum
468 3884 495 3932 ui
510 3882 641 3933 deiectum
654 3879 749 3931 uideri.
776 3880 819 3929 id·

320 3973 467 4034 ueireoqne
497 3974 518 4021 si
545 3973 605 4034 quis
630 3971 663 4020 de
690 3982 751 4033 egre
772 3982 819 4019 suo

320 4059 387 4112 suet
399 4060 431 4111 de
445 4059 523 4109 dorne
533 4061 702 4121 processisset
713 4060 819 4108 nemine

320 4161 450 4199 «snorum
467 4147 576 4206 reiiete,
608 4160 666 4197 rner
683 4152 819 4197 reuertens

322 4235 491 4298 «prohibitus
506 4237 540 4286 sit
552 4234 653 4298 ingredi
670 4233 715 4285 uei
733 4236 819 4295 ipsum

877 2204 960 2249 rtur:
990 2198 1112 2249 ademisti
1131 2200 1202 2248 onim
1228 2200 1255 2249 ei
1277 2208 1381 2259 posses·

877 2289 1021 2347 «sionem,
1041 2299 1120 2350 quem
1137 2288 1227 2337 enime
1247 2284 1382 2338 retinebst

877 2379 948 2429 «etsi
960 2389 1014 2428 non
1023 2388 1162 2438 corpore.»
1176 2372 1207 2438 §-
1215 2374 1261 2425 15.
1273 2373 1341 2425 ees.
1351 2399 1381 2409 -

876 2463 905 2515 Ι..
920 2462 946 2514 3.
966 2461 997 2528 8.
1009 2463 1036 2514 8.
1055 2464 1114 2515 eod.
1140 2462 1305 2524 «dientem,
1324 2474 1383 2514 enrs

877 2553 1023 2604 «domiuus
1050 2555 1156 2604 ueniret
1180 2555 1208 2603 in
1238 2555 1384 2615 possessio

879 2654 979 2702 soem,
994 2645 1086 2693 ernesti
1100 2654 1162 2692 eum
1174 2640 1382 2704 prohibuerunt,

878 2732 946 2793 equi
984 2732 1135 2782 inusserunt
1168 2733 1381 2792 possessionem,

878 2818 986 2869 «uideri
1015 2833 1075 2870 eum
1106 2821 1186 2870 ermis
1209 2819 1382 2872 deiectum.»

877 2905 955 2957 Geni.
970 2907 1001 2957 1..
1014 2907 1057 2958 12.
1078 2908 1109 2958 i..
1123 2908 1166 2958 18.
1179 2921 1220 2970 pr.
1236 2910 1294 2959 sed.
1309 2909 1342 2958 1..
1356 2906 1382 2956 3.

877 2993 983 3060 §.Lis
997 2996 1023 3045 7.
1034 2996 1065 3046 L.
1077 2996 1123 3047 15.
1134 2994 1163 3060 5.
1176 2997 1203 3047 2.
1214 2996 1257 3048 De
1270 2998 1338 3048 Aa.
1350 2997 1382 3046 Α.

875 3084 908 3135 Ρ.
944 3085 975 3136 i..
989 3083 1033 3135 18.
1054 3081 1084 3147 5.
1099 3087 1145 3137 15.
1181 3080 1264 3150 (soni.
1287 3085 1320 3135 1..
1341 3085 1382 3134 15.

877 3171 907 3237 §-
921 3169 980 3237 uit)
999 3173 1040 3224 lie
1057 3174 1128 3224 dnm.
1149 3172 1213 3226 inis.
1242 3174 1333 3224 Pontii
1350 3172 1382 3230 V,

876 3261 908 3325 d,
926 3262 953 3312 3.

910 3349 960 3415 ti)
978 3352 1008 3401 L.
1023 3351 1049 3402 5.
1063 3351 1091 3401 h.
1105 3356 1125 3399 t.
1140 3348 1294 3415 (Ulpianum
1339 3351 1383 3400 «Si

879 3452 990 3491 «rernm
1010 3438 1070 3502 (siz
1089 3445 1180 3499 metu,
1205 3439 1274 3490 ίϊιιι
1291 3446 1320 3491 et
1337 3439 1385 3489 Se·

878 3530 986 3578 eteius:
1014 3540 1065 3591 per
1076 3525 1141 3593 uim)
1154 3527 1226 3578 stibi
1241 3532 1384 3591 possessio·

877 3629 964 3667 «nem
973 3612 1176 3679 (Hetoenderet
1186 3617 1317 3681 Vulpem,
1331 3631 1384 3668 eer-

877 3711 902 3756 te
915 3703 1004 3755 Codex
1018 3717 1109 3764 meus,
1129 3705 1174 3755 irie
1185 3707 1328 3758 inserunt:
1347 3703 1383 3769 nsi

878 3793 1043 3851 «indidere,
1052 3793 1117 3843 dieii
1130 3794 1304 3856 Pomponius,
1311 3807 1383 3845 unns

878 3894 929 3932 eur
937 3883 1106 3933 interdictum
1118 3894 1239 3935 cessere:
1260 3887 1383 3948 quonism

877 3977 1006 4022 «nonest
1020 3973 1047 4020 ni
1069 3972 1190 4023 deiectus
1204 3975 1251 4036 qni
1265 3974 1385 4036 sompni·

878 4072 944 4109 «sus
973 4066 1013 4110 est
1035 4061 1062 4109 in
1085 4064 1280 4121 possessionem
1308 4063 1382 4112 indu-

879 4158 988 4199 eeere.n
1026 4145 1104 4198 coni.
1131 4148 1162 4198 1..
1189 4148 1215 4200 9.
1242 4163 1282 4213 pr.
1306 4154 1333 4201 in
1355 4150 1380 4199 fi.

876 4235 955 4298 Quod
974 4242 1037 4287 met.
1058 4248 1097 4287 es.
