3114 5046
107 317 145 394 s.
196 304 230 379 1.
282 299 345 378 De
367 301 592 380 tomiano
618 309 889 380 controuersia.
1061 307 1124 369 ΥΠ

61 507 152 570 esset
171 521 215 570 an
238 502 478 592 hereditarius,
506 505 608 569 tertia
630 502 673 569 dc
695 502 841 568 eiusdem
863 503 957 569 fundi
981 523 1123 591 posses-

60 627 171 712 sione,
192 645 236 692 an
260 645 303 692 cx
327 623 509 691 interdicto
529 624 572 691 de
594 626 626 689 ul
649 624 835 692 hominibus
859 628 988 692 coactis
1011 645 1124 693 arma-

61 749 148 813 iisne
165 743 335 815 Caecinae
356 744 565 813 restituenda
593 747 636 812 ab
657 744 806 813 Aebutio
830 751 931 813 esset

120 901 270 988 Quanam
294 902 337 971 de
359 907 460 971 tcrtla
487 924 584 991 quum
607 907 822 972 constitutum
847 907 892 970 sit
918 908 1024 971 totum
1049 907 1125 993 hoc,

60 1025 147 1112 quod
177 1027 309 1115 agitur,
341 1025 511 1113 iudicium,
545 1028 578 1090 tn
613 1043 653 1091 ca
680 1027 778 1093 etlam
803 1024 985 1112 disputatio
1008 1031 1125 1094 nostra

60 1150 231 1214 maximam
260 1152 390 1234 partem
419 1148 619 1213 uersabitur.
675 1147 793 1234 Neque
824 1148 994 1236 secunda,
1027 1168 1123 1236 quam

59 1268 143 1355 dixi,
161 1271 395 1337 controuersia
408 1273 598 1354 separatam
613 1268 817 1336 desiderabit
834 1271 1012 1360 longamne
1030 1289 1124 1338 eom-

60 1392 305 1457 mentatlonem.
369 1390 419 1456 nt
447 1393 566 1457 eontra
601 1409 696 1476 quam
732 1394 866 1476 prlmam
897 1390 1124 1460 demonstrant

60 1512 96 1579 de
117 1510 311 1579 hereditate
337 1514 586 1599 quaestionem,
618 1530 658 1577 ea
684 1514 717 1576 in
747 1511 811 1579 lrao
836 1531 978 1580 caussae
1000 1512 1123 1581 deien-

60 1637 155 1700 aione
182 1635 282 1701 talem
314 1635 443 1701 obtinet
464 1635 593 1721 locum,
630 1637 682 1720 ut,
715 1635 778 1698 nlsl
799 1635 937 1700 uelimus
960 1634 1123 1721 quodam-

61 1755 156 1822 modo
175 1755 316 1821 lnsldlaa
333 1774 353 1821 a
373 1759 473 1846 tergo
495 1756 704 1843 relinquere,
725 1757 836 1821 statim
862 1757 895 1820 ln
921 1758 1026 1840 prlmo
1049 1756 1122 1822 dis-

61 1878 246 1962 putationis
271 1879 428 1966 ingressu
453 1875 496 1942 ad
521 1877 809 1961 contemplandam
843 1877 931 1942 iliam
960 1879 1122 1943 orationis

60 2005 188 2084 partem
211 2000 415 2065 necessitate
441 1996 582 2084 quadam
604 1996 770 2064 ducamur.
812 1995 879 2064 Ubi
904 2008 1001 2084 quam
1024 2000 1123 2064 inua-

62 2123 179 2187 taratls
212 2121 382 2188 erroribus
413 2120 648 2206 interpretatio
682 2120 830 2205 laboret,
860 2122 895 2186 et
925 2139 1011 2206 quae
1046 2120 1123 2186 inde

61 2247 137 2309 nata
166 2245 213 2309 sit
239 2245 307 2308 um
336 2242 492 2310 lectionis
518 2241 688 2325 corruptio
711 2260 807 2327 quam
829 2243 876 2307 rei
899 2247 1020 2330 gestae
1043 2262 1123 2328 per-

61 2365 224 2451 turbatio,
246 2383 324 2429 mox
344 2363 532 2450 apparebit.

120 2523 188 2589 Est
217 2523 314 2590 locus
340 2523 375 2587 ln
402 2519 651 2610 narratione¹),
688 2543 786 2589 unum
817 2522 914 2588 halus
941 2527 989 2590 rei
1021 2527 1124 2609 caput
1140 2531 1293 2630 imae„

62 2651 160 2733 atque
194 2645 291 2732 lona,
326 2644 382 2711 ubl
418 2646 511 2730 priua
540 2645 670 2730 quidem
706 2645 870 2729 ecfertur,
905 2645 1187 2711 Caesenniam¹·
1175 2645 1249 2687 ¹⁷·

65 2771 265 2833 testamento
298 2765 452 2834 heredem
488 2767 612 2835 iecisse
649 2786 692 2832 cx
725 2764 854 2832 deunce
887 2770 922 2833 ct
954 2769 1125 2834 semuncia

67 2889 262 2974 amanam,
283 2908 327 2956 ex
350 2887 480 2956 duabus
501 2889 643 2966 sextulis
665 2888 866 2974 Fulcinium,
888 2885 1041 2953 libertum
1063 2907 1125 2954 su-

69 3012 207 3093 perion's
225 3012 307 3098 uiri,
328 3010 477 3078 Aebutio
499 3011 664 3076 sextulam
690 3009 918 3095 adaperslsse:
941 3008 1061 3076 deinde
1082 3028 1126 3074 cx

74 3133 245 3199 nouissima
269 3128 393 3201 Oreiiit
427 3127 619 3204 natanael)
657 3134 691 3197 ln
727 3130 815 3198 hunc
852 3129 979 3196 modum
1017 3132 1126 3196 oratio

79 3253 233 3333 procedit:

134 3375 253 3443 dinae
274 3375 440 3441 sextulam
462 3375 520 3440 tila
541 3374 725 3442 mercedem
748 3376 803 3441 lstl
822 3393 896 3441 esse
917 3374 1023 3440 uoluit
1037 3377 1128 3441 assi-

136 3495 291 3564 ·dultatls
309 3501 344 3563 et
363 3496 551 3583 molestiae,
573 3499 602 3563 sl
621 3515 716 3583 quam
738 3500 885 3580 ceperat.
927 3497 1000 3562 Iste
1017 3500 1127 3562 autem

139 3617 217 3687 «bac
238 3619 373 3685 sextula
398 3636 572 3684 scansam
595 3619 742 3685 retinere
765 3618 906 3682 omnium
926 3621 1128 3684 controuer-

141 3741 276 3806 =aiarum
302 3743 409 3825 putat.
443 3779 483 3790 -
528 3743 596 3806 iam
621 3739 783 3825 principio
812 3756 914 3803 ansus
936 3742 990 3804 est
1016 3737 1128 3806 dicere

143 3879 220 3927 =non
255 3881 357 3948 posse
389 3861 546 3929 heredem
582 3879 657 3928 ease
693 3855 901 3927 Caesenniae
933 3855 1129 3933 Caecinam,

127 4061 144 4126 ¹]
159 4085 208 4136 cap.
227 4076 253 4126 o.
267 4082 333 4128 extr.
353 4077 379 4126 7.
660 4072 688 4138 ’2)
707 4075 745 4125 Μ.
768 4073 847 4123 Tullii
867 4072 996 4125 cimento
1024 4074 1126 4125 Oratio·

626 4177 672 4215 nea
685 4163 798 4216 selectae
817 4177 857 4214 xv.
872 4163 964 4214 'turici
983 4161 1060 4213 laio.
1081 4162 1107 4213 8.
