3114 5046
383 464 386 473 Ι
457 357 519 461 390
554 354 648 456 Gap.
676 357 710 430 1.
768 355 830 429 De
855 359 939 431 iare
965 381 1125 431 daciscae
1154 354 1424 433 Caeciaianae.

319 559 430 655 W'm'm
458 558 701 623 exactissimam
724 556 934 636 detrimenti,
968 554 1055 640 quod
1085 555 1301 620 aduersarius
1323 575 1447 642 passus
1468 577 1524 622 es.

456 684 530 766 set„
553 681 714 744 rationem
737 681 1066 763 aestimationemque
1089 679 1227 742 institui.

520 799 566 866 Ut
589 803 621 864 in
644 818 751 883 pauca
774 801 961 880 conferam,
991 820 1056 864 non
1085 799 1166 864 illud
1189 804 1349 889 egerant,
1378 804 1417 863 ut
1447 818 1523 865 cer-

457 928 524 988 tum
547 922 717 1009 quemdam
740 921 931 1008 possidendi
948 898 1134 987 'tenendlue
1156 920 1302 1007 madum,
1335 921 1377 986 ad
1403 922 1522 986 obrus-

457 1066 526 1112 sam
555 1049 724 1130 exactum,
763 1049 937 1119 tuerentur
958 1043 1202 1129 interdictaque
1236 1047 1423 1129 munirent,
1454 1046 1522 1129 qai,

456 1170 493 1232 si·
508 1168 663 1247 turbatus
678 1174 785 1250 esset,
807 1169 841 1229 in
864 1165 1003 1231 eundem
1026 1167 1125 1251 plane
1147 1170 1269 1231 statum
1291 1168 1426 1232 restitui
1443 1186 1521 1252 pos-

456 1293 524 1374 set,
546 1288 607 1354 sed
630 1291 710 1369 uim,
733 1307 818 1373 quae
842 1288 885 1353 ad
908 1291 1009 1371 caput
1031 1292 1066 1353 et
1087 1291 1187 1353 ultam
1212 1290 1419 1372 pertineret,
1440 1308 1521 1374 pos-

455 1415 608 1477 sessione
630 1409 794 1475 mulctari
816 1411 993 1476 uoluerant
1005 1401 1053 1489 ¹⁵).

519 1568 632 1650 Quare
662 1571 716 1653 qul
747 1571 918 1653 pristinam
948 1571 1035 1634 illam
1064 1588 1104 1636 ac
1127 1588 1234 1655 paene
1255 1588 1394 1636 caecam
1416 1571 1519 1633 inter-

456 1691 535 1755 dicti
559 1694 789 1769 seuerliatem,
818 1689 962 1756 nondum
984 1693 1115 1756 ratione
1137 1693 1417 1777 experientiaque
1439 1698 1518 1756 tem-

457 1790 623 1897 peratam,
656 1818 871 1898 sequeretur,
909 1813 997 1878 haud
1026 1815 1156 1877 nimium
1189 1815 1233 1877 sit
1263 1813 1465 1899 mirandum,
1493 1814 1516 1874 si

457 1936 512 1999 uel
533 1936 710 2000 aduenam
730 1938 847 2020 istum,
879 1954 974 2020 quem
1005 1935 1156 1999 finximus
1178 1936 1278 1999 armis
1307 1954 1386 2000 esse
1408 1935 1517 2019 repul-

457 2076 549 2141 sum,
572 2060 604 2119 in
628 2056 720 2120 fundi
746 2059 991 2140 possessionem
1013 2056 1255 2122 restituendum
1278 2059 1461 2123 censuerit.

517 2213 647 2295 'Quodsi
678 2220 855 2298 praeterea
877 2212 1054 2282 Caecinae
1083 2235 1218 2297 caussa,
1252 2214 1284 2279 ld
1319 2215 1409 2300 quod
1441 2217 1513 2280 satis

457 2340 509 2399 cst
542 2335 719 2419 credibile,
752 2340 953 2422 aequitatem
981 2338 1144 2423 quandam
1178 2338 1303 2403 babere
1332 2339 1511 2420 uideretur,

457 2461 533 2542 quia
549 2459 656 2544 forte,
679 2478 764 2543 quae
786 2460 827 2523 de
849 2462 1016 2545 emptione
1039 2460 1131 2525 fundi
1149 2456 1271 2528 Cicero
1293 2467 1428 2546 narrat,
1449 2461 1509 2545 opi·

459 2582 557 2644 nione
586 2581 750 2645 hominum
782 2583 857 2664 plus
886 2601 981 2665 quum
1010 2584 1168 2671 legitimis
1197 2583 1453 2666 probationibus
1476 2577 1507 2646 ad

457 2703 641 2786 capiendos
673 2706 1102 2790 recuperatorumanimos
1135 2705 1307 2788 ualerent3
1346 2708 1417 2770 tum
1449 2703 1507 2790 quia

458 2824 603 2889 fortasse
626 2823 797 2891 Aebutius
821 2826 913 2888 luridi
938 2829 1201 2910 possessionem,
1231 2847 1274 2890 ex
1299 2833 1408 2893 morte
1431 2825 1506 2892 Cae·

417 2990 420 2994 ι
457 2952 601 3011 scrattiae
625 2949 718 3031 quasi
747 2966 884 3010 uacuam
908 2967 1185 3032 suspensamque,
1221 2948 1321 3013 auide
1351 2953 1456 3038 magis
1481 2948 1505 3009 el

458 3068 577 3134 callide
612 3088 706 3152 quam
741 3067 882 3133 honeste
919 3076 1137 3154 occupasset,
1174 3075 1275 3155 atque
1310 3067 1503 3147 Caecinam,

457 3190 612 3254 heredem
629 3208 922 3274 possessoremque
938 3191 1113 3276 bonorum,
1137 3196 1253 3276 paucis
1277 3193 1399 3260 diebus
1422 3209 1504 3280 prae·

458 3314 622 3377 uenisset:
645 3350 685 3362 -
709 3311 798 3374 iacili
823 3311 933 3378 lrercle
956 3317 1093 3400 negotio
1117 3316 1277 3398 salusque
1300 3318 1502 3401 recuperata-

457 3454 527 3498 rum
550 3441 584 3499 et
607 3435 771 3521 religione
793 3441 827 3497 et
851 3436 956 3512 lama,
990 3436 1078 3520 quod
1101 3444 1168 3500 turn
1191 3436 1362 3504 interdicti
1386 3441 1438 3503 ius
1455 3435 1501 3499 ob·

458 3557 603 3636 tinebat,
636 3556 704 3621 lieri
728 3559 854 3638 potuit,
887 3563 923 3620 ut
946 3558 1148 3642 probabilem
1171 3562 1272 3644 atque
1291 3559 1382 3625 >adeo
1405 3563 1499 3626 iustiti

458 3696 609 3742 caussam
634 3662 789 3744 Caecina
812 3677 936 3743 babere
958 3679 1148 3744 uideretur:
1171 3699 1368 3766 quamquam
1390 3684 1434 3747 illi
1452 3676 1497 3742 nl·

459 3801 542 3863 nime
564 3806 641 3864 sunt
664 3801 827 3864 stultitiae
849 3799 1042 3887 damnandi,
1076 3805 1129 3887 qui
1154 3804 1204 3867 bis
1227 3805 1321 3888 prius
1343 3803 1494 3869 dubitaue-

458 3926 535 3984 runt
558 3942 653 4006 quam
676 3922 856 3988 seeundum
882 3917 1070 3989 Caecinam
1095 3904 1292 3990 iudicarent.

494 4124 535 4184 15)
556 4126 631 4174 Cani.
658 4127 829 4188 Bralrenboesi
857 4129 888 4176 de
915 4131 958 4177 trl·
1016 4128 1033 4175 i.
1057 4130 1083 4178 al.
1109 4129 1181 4178 ciuil.
1205 4123 1281 4180 Prur]
1313 4131 1344 4179 T.
1371 4126 1450 4178 xxii.
1468 4131 1483 4175 i*

458 4215 506 4263 bus
520 4216 592 4263 uitiis
607 4219 795 4275 possessionis,
809 4220 835 4265 ln
850 4217 954 4266 rlrclrlv.
1015 4218 1075 4267 ⁶204.
1096 4231 1154 4278 seq.
