3114 5046
183 330 279 419 113.
336 328 574 405 Deuotionis
592 334 729 405 iureel
747 334 928 429 [immolo.
947 373 996 387 -
1017 333 1146 434 Orico.
1183 334 1246 397 5⁸7

180 538 265 607 pere
287 525 324 585 et
343 538 487 585 merrom
514 509 657 605 coqere)
690 520 777 585 illam
807 520 969 586 latebram
997 521 1165 588 domm
1191 541 1246 587 ur-

181 661 281 709 ruam
305 634 480 717 tollere.²⁶)

245 760 376 845 Quibus
397 764 498 830 rebus
521 764 672 828 omnibus
694 761 917 829 consideratis
939 762 1017 849 quid
1036 763 1169 830 landem
1191 762 1246 828 dl-

180 887 270 952 ciiur
299 883 349 951 Μ.
377 885 539 951 Lucullus
565 889 694 975 egisse:
724 884 883 951 Iudicium
913 887 961 950 iia
982 883 1094 969 dedit,
1123 885 1247 952 uilloc

180 1007 289 1072 solum
322 1009 356 1072 in
390 1005 544 1073 iudicium
573 1009 722 1093 ueniret,
755 1003 968 1071 uiderelume
998 1008 1029 1071 ui
1061 1005 1248 1074 huminibus

179 1129 311 1195 coactis
326 1131 506 1194 armaiisue
527 1129 677 1194 domuum
699 1126 776 1193 dolo
793 1129 878 1193 molo
896 1127 1057 1212 familiae
1075 1124 1246 1202 dutum.²⁷)

244 1283 334 1368 Quid
356 1288 460 1378 igilur
482 1279 563 1354 esi?
605 1283 644 1355 Sl
673 1304 787 1352 uerum
816 1292 888 1370 csl,
917 1285 1005 1371 quod
1033 1305 1055 1352 a
1081 1289 1246 1373 principio

177 1408 339 1494 diximus,
362 1414 471 1475 tollito
494 1411 565 1474 eius
587 1408 714 1495 ludicii,
743 1407 831 1494 quod
861 1413 913 1474 est
941 1408 1037 1473 deul
1061 1408 1247 1476 hominibus

178 1532 321 1596 armatis
342 1532 532 1619 coactisue,
561 1550 627 1595 non
647 1536 764 1617 partie
786 1534 913 1597 iunium
942 1549 1002 1596 seu
1030 1531 1245 1618 appendicio,

181 1653 346 1740 originem
367 1653 412 1718 ab
433 1655 569 1718 oratore
590 1653 738 1739 namuri,
767 1658 835 1716 lum
863 1653 891 1716 si
922 1654 955 1716 ln
983 1653 1057 1737 ipsa
1079 1651 1142 1717 lrac
1164 1670 1246 1716 nar-

177 1772 314 1839 milone
342 1775 463 1859 ubique
490 1776 670 1859 praecipua
696 1772 858 1853 familiae
883 1775 971 1839 ratio
997 1771 1246 1839 consideratio-

177 1913 244 1980 que
267 1893 437 1987 babetur,
457 1914 566 1960 nonne
590 1895 688 1960 ualde
710 1893 854 1961 eflicitur
875 1894 1068 1980 probabile,
1099 1911 1120 1958 a
1148 1895 1245 1978 prin-

176 2018 268 2103 cipio
291 2020 397 2082 lotum
420 2014 483 2082 lioc
513 2016 666 2082 iudicium
695 2035 805 2109 neque
831 2018 864 2080 in
894 2014 944 2102 ld,
966 2014 1056 2101 quod
1084 2016 1245 2083 domiuus

177 2144 255 2226 ipse
276 2136 484 2221 admisisset,
513 2136 674 2203 directum
696 2137 820 2225 fuisse,
852 2156 959 2223 neque
981 2138 1137 2204 noralem
1158 2155 1245 2203 con-

176 2262 374 2345 suetamque
401 2259 618 2346 surculorum
647 2279 829 2326 seruorum
864 2261 997 2325 nomine
1024 2258 1244 2326 adiectionem

175 2380 353 2466 heinmo,
387 2380 449 2446 sed
481 2382 515 2445 in
546 2380 724 2465 familiam
759 2380 874 2447 solam
905 2385 1104 2467 conceptum
1137 2400 1245 2467 coque

175 2506 305 2568 lanium
328 2504 460 2567 nomine
488 2505 707 2568 coustitutum
737 2501 900 2567 aduersus
927 2502 1091 2568 dominum
1114 2521 1244 2588 propo-

174 2625 343 2708 siiumque
365 2616 496 2689 iulssel

241 2741 342 2826 Quod
366 2747 395 2810 si
418 2747 493 2831 quis
515 2764 641 2834 negare
664 2747 766 2829 uolet,
788 2750 882 2811 certe
903 2765 970 2810 uon
990 2747 1034 2813 ab
1055 2747 1143 2812 illius
1160 2766 1244 2811 uar-

173 2866 319 2933 raliouIs
340 2869 476 2952 tenore,
504 2865 565 2932 sed
587 2868 631 2934 ab
660 2868 803 2933 utilitate
825 2870 986 2934 communi
1009 2869 1122 2952 potius
1144 2872 1178 2933 et
1200 2869 1244 2935 ab

173 2988 259 3053 luris
288 2987 428 3073 quadam
462 2990 665 3055 necessitate
699 2991 952 3055 controuersiae
980 2991 1148 3055 materiam
1179 3007 1243 3074 pe-

173 3110 301 3175 iilurus
323 3111 387 3175 esi.

239 3230 398 3297 Nimirum
421 3231 691 3317 quemadmodum
714 3232 804 3299 credi
828 3236 959 3319 potest,
980 3225 1032 3297 M.
1054 3228 1242 3298 herculium

175 3354 386 3440 Praetorem,
407 3360 467 3440 oui
488 3373 627 3420 summo
649 3359 828 3444 aequitate
850 3360 886 3419 et
907 3326 1085 3440 sapientie
1106 3358 1162 3420 lue
1184 3353 1242 3419 di-

173 3481 251 3565 mii,
274 3494 427 3541 seuerum
450 3473 529 3540 lllud
552 3474 707 3542 iudicium
729 3477 776 3540 ila
798 3477 1036 3561 composuisse,
1057 3479 1105 3561 ut,
1128 3478 1243 3541 euius-

175 3615 308 3683 cuuque
330 3596 454 3662 familia
476 3594 717 3664 ul'liomluibus
737 3600 875 3665 armatis
895 3600 1068 3665 coucilsue
1090 3596 1242 3664 damnum

174 3718 331 3801 iecisset,
353 3720 383 3782 is
403 3721 594 3803 teneretur,
610 3720 666 3803 qul
683 3720 757 3804 ipse
776 3704 930 3803 iecisset,
953 3739 1019 3784 mou
1042 3710 1243 3784 teneretur?

208 3902 255 3963 Μ)
273 3900 680 3969 ii.§§.il.d³.dddeolaquod
739 3905 863 3955 «domini
884 3905 1114 3968 impudentissime
1137 3903 1242 3967 coafite-

1290 545 1389 585 formula

1275 604 1297 643 iu
1308 601 1407 642 imilla·

1275 665 1376 711 conopia

172 3990 293 4056 lossii
304 3992 433 4043 hahetur:
449 3993 539 4044 ollam
550 4005 610 4044 cum
620 4007 681 4057 oer-
738 4000 860 4055 concur,
874 3993 939 4056 quid
952 3994 1067 4045 censetis
1080 3992 1159 4044 loros
1174 3991 1222 4042 rel·
1291 4000 1294 4007 ·

172 4080 505 4147 olugiouullooouoiliuto
516 4089 603 4133 tameo
613 4082 679 4133 hoec
769 4080 814 4142 il)
832 4082 869 4132 11.
884 4078 935 4146 55.
948 4081 991 4132 li.
1005 4080 1050 4132 41.

171 4169 376 4223 «sceleratoria
386 4171 559 4222 audacissime
567 4170 675 4231 iaciant,
