3114 5046
360 350 399 426 s.
426 339 459 413 1.
514 337 655 413 ludicii
681 342 790 439 oripo
816 347 851 414 et
877 347 1032 414 nature.
1212 339 1232 402 5

176 530 336 612 «propter
356 547 468 617 genua
490 529 647 611 aetionis,
675 529 767 595 uelut
788 528 925 595 iudicati
947 527 1144 614 depensiue.
1173 533 1229 595 aut
1250 527 1398 623 ff‘ffi

174 667 264 715 mam
288 647 335 712 de
358 651 504 715 moribus
524 651 670 716 mulieris
694 653 835 736 agetur,
862 656 1006 737 propter
1030 668 1231 735 peremtum,
1250 642 1363 681 ‘m‘

174 772 287 836 «uetat
310 773 341 834 si
364 789 437 836 eum
458 789 498 836 eo
513 773 640 859 agitur,
663 771 717 856 qui
734 770 925 854 «tenorent,
947 774 1088 836 creatrice
1104 770 1193 835 botta
1208 791 1231 836 o

174 891 428 957 ‹creditor-tour
448 910 608 978 possessu
622 896 863 977 proscriptione
880 895 980 981 ruerat,
1000 891 1073 957 siue
1094 908 1168 958 eum
1190 909 1231 956 eo

174 1011 323 1078 «herede
342 1016 482 1101 agatur,
503 1032 598 1099 quem
614 1012 757 1078 Praetor
771 1015 962 1096 suspectum
976 1008 1234 1077 aestimauartt.'’

229 1131 382 1216 Quorum
405 1135 551 1199 iocorum
574 1130 773 1207 eonsensu4)
794 1135 994 1217 amplissime
1008 1135 1106 1199 ettam
1125 1133 1232 1200 ratel-

173 1256 245 1320 titur
267 1256 383 1340 opinio
406 1254 677 1341 existimantium,
705 1257 735 1319 ei
761 1256 843 1340 soii,
864 1256 892 1320 si
915 1252 992 1340 quid
1014 1257 1162 1340 peteret,
1183 1257 1231 1319 ita

173 1376 327 1442 satisdari
361 1377 567 1462 oportuisse,
600 1378 654 1462 «pai
685 1377 772 1441 bona
800 1376 1005 1441 aPraetore
1026 1378 1137 1441 iussus
1158 1379 1231 1462 ipsa

175 1497 378 1584 possideret,
412 1500 533 1583 quippe
566 1500 618 1563 eui
652 1500 865 1583 praeeipuam
897 1496 977 1563 iliud
1004 1497 1055 1561 ius
1082 1500 1176 1583 quasi
1197 1498 1230 1561 in

174 1621 274 1686 uicem
297 1620 458 1704 praetorii
480 1618 647 1686 cuiusdam
667 1620 833 1707 pignoris,
856 1617 1059 1703 possidendo
1074 1621 1231 1704 quaesiti,

176 1742 328 1806 tributum
351 1741 480 1805 inisset.
523 1741 624 1805 immo
654 1740 762 1824 paiam
785 1743 855 1822 est,
883 1741 978 1805 cuiuis
999 1740 1086 1806 bona
1107 1758 1230 1826 supra-

176 1860 260 1927 dieto
292 1860 390 1925 modo
417 1879 439 1926 a
465 1861 631 1927 creditore
660 1881 727 1926 uno
748 1862 941 1945 pluribusne
969 1879 1127 1945 possessa
1148 1864 1231 1941 sint,

176 1985 241 2048 eius
261 1986 452 2047 uniuersam
476 1981 714 2068 quodammodo
736 2001 911 2067 personam
930 1982 978 2046 ita
993 1981 1095 2070 attici,
1117 1986 1155 2049 ut
1170 2002 1231 2068 pro

175 2109 331 2188 suspectu
353 2104 473 2169 exinde
488 2103 667 2184 habeatur,
688 2104 839 2189 adeoque
857 2105 1006 2189 quisquis
1019 2107 1138 2188 postea
1157 2122 1229 2170 oum

175 2243 211 2290 eo
238 2226 271 2289 in
303 2243 479 2310 personam
505 2230 642 2291 acturos
670 2226 733 2306 sit,
751 2226 878 2310 possit,
905 2229 942 2289 ut
967 2226 1030 2291 sibi
1053 2224 1229 2292 iudicatum

174 2347 254 2411 soiui
276 2345 477 2430 satisdetur,
496 2347 642 2435 exigere.

232 2467 350 2552 Atque
371 2485 412 2532 ea
433 2468 514 2531 iuris
535 2469 621 2531 ratio
643 2469 742 2533 etiam
764 2485 885 2533 caussa
901 2468 982 2552 tuit,
1003 2469 1109 2532 curin
1123 2487 1230 2551 spon-

173 2589 273 2654 sionis
295 2588 454 2670 tormnia,
476 2608 572 2673 quam
593 2608 696 2673 snpra
710 2590 945 2677 cognouimus,
974 2590 1105 2653 tametsi
1125 2607 1230 2655 uocu-

174 2711 337 2775 ratissime
356 2710 452 2775 uobis
466 2710 634 2790 tradatur,
656 2729 828 2796 numquam
844 2713 954 2774 tamen
969 2710 1085 2774 Naeuii
1101 2713 1229 2775 nomine

175 2831 303 2898 adiecto
326 2833 513 2915 possessio,
542 2834 680 2916 quaein
703 2832 899 2898 condicione
921 2832 1030 2914 posita
1052 2835 1121 2916 est,
1145 2830 1229 2895 doa-

177 2955 314 3034 uiretur,
350 2952 412 3017 sed
447 2954 619 3035 absolute,
653 2956 878 3039 cuiuscunque
915 2953 1049 3038 fuisset,
1091 2952 1229 3016 demon-

178 3077 347 3139 strat-etur.

232 3196 284 3262 Ne
306 3197 419 3281 ptura:
445 3197 477 3258 io
501 3197 674 3280 proposita
695 3198 808 3282 speeie
837 3195 879 3261 de
902 3197 983 3261 iuris
1005 3215 1118 3260 norma
1139 3197 1229 3261 eirea

179 3316 356 3382 satisdandi
387 3318 620 3383 necessitatem
657 3320 835 3384 constabat
867 3336 938 3384 oum
973 3316 1125 3383 Praetori
1161 3322 1228 3382 tum

207 3564 233 3629 t)
251 3568 330 3617 aete
341 3567 363 3616 i·
376 3566 419 3617 3³.
431 3563 460 3629 §-
473 3567 498 3616 i.
515 3566 619 3618 Doreb.
629 3581 675 3617 aa·
732 3568 910 3631 «interposita
924 3568 1052 3616 indicium
1066 3568 1227 3630 accipiatur,

181 3657 298 3705 ttoniad.
308 3653 675 3719 po.-(U1pianus)ol)eiea·
733 3663 779 3706 oet
796 3670 810 3705 a
825 3658 994 3719 possessione
1009 3657 1226 3705 discedatur.»-

183 3744 257 3794 tdere
268 3745 436 3803 debitorem,
450 3744 519 3793 sieut
530 3749 673 3806 antequam
765 3745 855 3806 Quare
868 3751 958 3794 autem
972 3758 1060 3807 noque
1076 3746 1102 3793 in
1115 3746 1166 3794 hoo
1178 3744 1228 3794 ira-

184 3832 265 3882 tboua
283 3834 342 3882 eins
358 3832 573 3894 possiderentur,
594 3833 672 3893 ticet,
731 3833 1228 3896 gmentouequeapudGaiumtriginta

186 3921 231 3969 «tu
240 3927 296 3984 post
306 3922 440 3970 bonoram
451 3934 557 3984 quoque
570 3934 672 3983 posses·
730 3922 835 3970 dierum
845 3922 946 3971 montio
958 3926 1091 3979 occurrat,
1103 3922 1170 3970 iutra
1180 3935 1228 3970 suo

186 4009 298 4058 «omnem
318 4010 393 4068 eius,
413 4009 473 4057 siue
489 4010 546 4071 ipso
560 4009 601 4056 sui
614 4009 672 4057 siue
730 4009 790 4059 ioco
803 4006 843 4072 (δ.
853 4010 892 4063 d.)
902 4010 1050 4073 apparebit,
1066 4010 1092 4058 io
1103 4022 1229 4072 praeseus

188 4096 670 4160 taliosdeteaaiouemeiussuseipiat,
730 4098 796 4147 nihii
815 4098 909 4147 attinet
928 4099 1098 4156 inuestigare.

190 4182 273 4234 *debet
286 4186 432 4242 satisdare,
453 4191 481 4233 ut
500 4186 672 4234 satisdatione
