3114 5046
308 359 346 429 iu
377 357 547 431 cratium
569 380 641 456 pru
666 354 724 432 M.
747 354 883 437 Tediiu.
1062 375 1124 441 687

61 550 103 601 ne
112 530 167 607 194)
196 534 304 603 occidi
332 555 422 619 eum,
452 538 506 622 qui
530 535 715 607 ‚Tribunum
739 538 783 620 pi.
805 537 999 623 pulsauerit.
1035 537 1124 604 Nihii

62 660 181 741 opinor
204 661 379 742 praeterea
401 658 444 724 de
466 658 606 747 legibus

123 776 174 842 18.
196 777 270 860 Qus
292 775 390 852 in¹⁹⁵)
418 799 456 846 re
478 779 542 847 huc
564 780 701 866 primum
724 797 866 867 quneru,
895 779 974 867 quid
995 780 1039 846 ud
1061 781 1125 849 huc

61 898 214 966 iudicium
230 901 364 967 recitari
381 903 466 968 istun
483 902 579 992 teges
597 903 804 985 pertinuerit.
836 902 920 969 Num
937 921 1031 989 quem
1046 902 1126 968 'l'ri-

60 1022 182 1087 bunum
205 1022 249 1106 pi.
271 1024 360 1088 serui
379 1023 429 1088 Μ.
444 1021 531 1087 'l'ulii
553 1017 866 1109 pulsauerunt¹⁹⁶)?
898 1024 975 1090 Non
997 1027 1125 1108 opinor.

60 1143 145 1209 Num
169 1142 312 1208 iuratum
336 1142 463 1209 domum
486 1143 525 1210 Ρ.
546 1144 631 1210 Fubi
655 1148 755 1211 noctu
779 1151 944 1212 uenerunt
956 1138 1039 1217 ¹⁹0?
1074 1147 1125 1212 Ne.

60 1247 94 1327 id
117 1262 257 1351 quidem.
296 1264 385 1331 Num
397 1261 453 1338 198)
481 1267 555 1332 iuee
587 1266 731 1332 sumtum
754 1270 974 1344 ueneruntet
997 1286 1034 1333 se
1056 1269 1126 1334 teiu

61 1378 318 1452 defenderunt?
351 1387 426 1454 Dici
448 1407 516 1453 non
536 1380 659 1473 potest.
681 1387 775 1475 Ergo
791 1390 865 1453 istis
883 1389 1026 1477 legibus,
1044 1407 1127 1475 quius

62 1510 213 1574 recitasti
223 1556 233 1592 ,
254 1512 348 1576 certe
370 1527 437 1573 nun
461 1511 569 1593 putuit
591 1510 688 1575 istius
704 1509 827 1575 semilis
842 1527 961 1575 seruos
975 1509 1025 1578 Μ.
1039 1510 1125 1575 'l'uiii

62 1627 226 1696 cecidere.
727 1708 731 1714 ,

125 1750 177 1815 19.
199 1751 291 1836 Nun,
314 1747 503 1838 inquit¹⁹⁹),
524 1751 567 1817 ud
582 1770 654 1818 euru
674 1770 741 1818 rem
757 1754 913 1837 recitaui,
935 1752 995 1817 sed
1011 1760 1048 1818 ut
1064 1754 1128 1821 huc

64 1872 300 1961 intellegeres,
321 1893 388 1938 nou
411 1876 515 1939 uisum
539 1892 614 1941 esse
637 1874 815 1940 maioribus
836 1875 962 1941 nostris
984 1880 1049 1940 iem
1073 1878 1128 1940 in-

63 1993 198 2084 dignum
223 1997 309 2061 istuc
332 1998 444 2063 nescio
468 1996 556 2083 quid,
578 2016 674 2083 quum
697 2002 866 2082 inputem,
887 1995 1127 2064 hominemne·

62 2117 138 2182 cidi.
160 2117 209 2182 At
231 2119 367 2203 primum
391 2119 476 2183 isiae
499 2121 594 2202 ipsae
608 2119 719 2207 leges,
738 2136 822 2204 quus
835 2112 974 2200 recitas‘,
996 2122 1033 2183 ut
1049 2121 1128 2183 mit-

63 2246 130 2302 tum
153 2243 305 2323 caetera,
327 2239 534 2328 significant,
558 2258 653 2325 quum
671 2241 837 2306 noluerint
853 2242 995 2306 maiores
1010 2241 1128 2324 nostri,

64 2360 126 2423 nisi
150 2376 222 2425 cum
245 2378 446 2444 pernecesse
463 2365 571 2445 esset,
593 2360 755 2427 huminem
775 2361 892 2445 occidi.
920 2357 1128 2436 Primum²⁰⁰)

64 2485 129 2548 istu
151 2484 207 2548 iex
229 2486 363 2548 sueretu
385 2486 454 2570 est,
478 2500 573 2566 quum
595 2487 759 2571 rogarunt
778 2484 913 2569 armati,
935 2485 972 2548 ut
987 2484 1129 2550 inermes

63 2606 136 2670 sine
159 2605 308 2689 pericuio
332 2607 472 2690 possent
494 2622 580 2669 esse.
607 2602 953 2686 (incrementulum,
976 2623 1040 2689 qun
1055 2623 1129 2670 mu-

62 2727 208 2815 gisirntu
238 2727 382 2791 munitae
411 2727 507 2812 leges
534 2729 628 2810 sunt,
663 2727 734 2792 eius
761 2727 979 2814 magistratus
1004 2744 1129 2810 eorpus

63 2847 196 2935 iegibus
217 2848 375 2913 uniiutum
399 2865 474 2913 esse
495 2848 683 2913 uoluerunt.

127 2967 178 3034 50.
210 2969 348 3053 Furem,
381 2968 445 3036 hoc
473 2975 543 3057 est,
570 2969 773 3055 praedonem
797 2974 832 3036 et
853 2969 1033 3053 iatronem,
1054 2969 1130 3034 iuce

1167 556 1250 597 Τιιιήι.

1149 613 1196 653 roi.
1213 613 1268 653 viii.

65 3089 170 3157 cecidi
195 3094 311 3156 uetant
336 3089 579 3159 xu.'1'sbuise:
602 3109 676 3158 cum
699 3094 787 3157 inira
808 3092 958 3177 parietes
972 3093 1050 3155 tuos
1065 3087 1155 3153 ho:

100 3323 161 3387 iiii)
184 3322 321 3388 Pepronus
345 3337 359 3375 e
381 3323 498 3376 Codice:
529 3337 570 3387 ιιι·
661 3320 724 3386 990)
752 3322 831 3374 fluuii
858 3328 957 3374 temere
981 3319 1131 3372 ermenius

64 3427 150 3464 eune.
626 3412 695 3463 hunc
720 3424 815 3462 uocem
838 3412 955 3474 prinum
974 3413 1000 3460 iu
1020 3409 1130 3461 dubium

100 3500 163 3565 195)
177 3501 221 3553 sie
235 3500 342 3561 Codex,
364 3513 416 3551 uon
434 3512 471 3550 ru.
492 3501 569 3552 coni.
627 3513 736 3553 ιιοιιιιι
757 3499 865 3552 uidetur
880 3501 961 3551 urriis
975 3498 1008 3550 de
1022 3502 1130 3550 caussis.

66 3594 145 3642 stium
163 3590 299 3655 Peprnnur
317 3593 343 3640 in
363 3590 551 3643 Emeudrudir.
627 3589 667 3639 Ui.
678 3593 780 3641 mitium
800 3596 923 3648 caetere.
945 3587 1063 3649 proiecto
1076 3591 1132 3640 ius·

100 3680 162 3736 iiiiii
181 3680 226 3731 Sic
240 3679 345 3740 Codex,
366 3693 419 3730 uon
435 3692 570 3731 russeus·
627 3678 765 3743 legumen
778 3678 844 3730 haee
855 3679 969 3728 iisrntin.
988 3676 1059 3738 Quid
1070 3676 1131 3737 ergo

68 3782 160 3827 ιιιιιτς
179 3773 249 3820 sieut
261 3769 359 3819 ibidem
373 3770 552 3821 confirmetur.
628 3768 689 3818 esti
716 3767 764 3817 liie
784 3765 863 3815 Prior
885 3767 953 3815 enim
974 3778 1022 3814 reu
1042 3760 1132 3812 Prima

102 3857 165 3915 197)
183 3857 233 3907 iiic
247 3871 310 3907 uero
323 3856 411 3909 Codex
426 3859 571 3909 certissime
628 3856 696 3906 enim
707 3855 846 3918 legentium
858 3865 916 3904 eus
929 3856 1051 3910 coniecit,
1067 3853 1131 3902 mihi

68 3948 149 3998 hibet
166 3947 291 3997 mendum
312 3946 376 3997 iiiud
391 3959 543 3998 ιιιιιιιιιιιιτ.
629 3943 772 4006 ntiqusndo
786 3942 923 3993 consitium
937 3940 1000 4001 iuti,
1019 3947 1048 3990 ui
1061 3940 1133 3990 iiiam

103 4036 166 4095 198)
186 4036 287 4085 Rursus
306 4034 412 4095 Codex,
432 4044 462 4087 ui
481 4035 573 4100 Peprn·
630 4045 725 4084 uocem
737 4043 841 4093 prorsus
852 4032 984 4086 elicerem.
999 4033 1133 4092 umquem

69 4138 152 4177 runur
171 4124 299 4177 exhibui:
319 4137 403 4176 nunc.
630 4134 661 4174 cx
676 4119 806 4172 eiusmodi
819 4117 929 4169 termene
943 4132 1031 4169 errore
1045 4124 1133 4169 netum

106 4215 166 4273 iiiiii
184 4212 289 4265 Codex:
310 4225 417 4271 uncum.
631 4207 755 4273 (eminus
767 4208 846 4261 medo
858 4206 939 4259 uerbo
951 4207 1079 4258 nominem
1092 4220 1134 4256 oe·
