3114 5046
24 346 89 423 ts.
100 336 141 407 4.
159 331 222 407 De
231 331 279 407 P.
290 342 327 407 et
346 330 389 405 V.
403 333 485 405 boa.
496 372 548 382 -
559 328 792 406 Sabaeoiaae
805 332 1053 430 quantiam.
1079 331 1120 395 85

51 525 265 589 satisfactum
299 522 344 587 sit
358 572 368 609 ,
409 522 532 606 fuerit,
573 522 849 605 satisfactumque
880 539 955 585 esse
988 523 1124 603 postea,
1140 527 1292 636 ,πυκ-

52 647 106 711 ubi
129 647 165 708 in
187 645 413 732 coguitionem
435 661 476 706 ea
497 660 553 708 res
574 645 739 727 uenisset,
762 642 966 728 adparuerit.
1124 645 1131 657 ’

113 822 234 905 Atque
261 821 361 885 talem
391 819 494 884 luisse
524 836 728 884 communem
757 820 829 884 eius
858 820 939 882 iuris
959 821 1122 883 rationem

52 945 136 1008 satis
159 940 239 1005 mili
262 933 455 1026 persuasum
478 942 540 1007 est.
593 938 798 1024 Quamquam
820 939 910 1004 haud
933 958 1123 1028 negauero,

51 1065 92 1129 ad
115 1064 207 1128 hanc
230 1064 278 1128 rei
306 1061 493 1127 seruandae
519 1079 639 1126 caussa
667 1062 911 1144 possessionem
937 1063 1123 1144 impetran-

53 1187 124 1251 dam
150 1183 292 1269 perinde
321 1183 502 1269 aliquando
527 1154 562 1247 in
592 1186 722 1248 caussis
746 1181 942 1267 quibusdam
969 1185 1124 1268 exeeptis

52 1309 249 1396 cognitione
273 1323 314 1371 ac
337 1304 474 1370 decreto
494 1324 581 1389 opus
598 1296 767 1383 fuisset),
789 1308 901 1388 atque·
915 1305 969 1368 ubi
992 1303 1034 1370 de
1059 1303 1124 1370 he-

53 1428 210 1494 reditatis
227 1428 442 1511 possessione
465 1428 679 1510 praetoriaue
701 1403 735 1489 ln
758 1427 846 1491 bona
866 1422 1017 1491 defuncti
1042 1446 1125 1491 suc-

54 1551 209 1616 cessione
240 1555 401 1634 ageretur
412 1539 460 1624 ¹⁵).
512 1544 607 1627 Quae
636 1550 748 1611 tamen
777 1549 992 1630 exceptarum
1021 1566 1133 1637 caus--

54 1690 163 1736 sarum
191 1669 339 1760 figurae,
371 1689 469 1754 quum
497 1687 518 1733 a
546 1668 720 1753 proposito
749 1667 871 1733 iudicio
894 1668 960 1732 sint
983 1669 1125 1733 alienis-

55 1795 174 1873 simae,
207 1790 273 1857 hac
301 1792 377 1856 loco
410 1791 504 1875 quasi
537 1789 644 1879 digito
678 1792 808 1891 tantum
843 1788 1124 1856 demonstrandae

56 1916 201 1980 luerunt.
616 1916 619 1923 '

114 2090 297 2160 Caeterum
329 2089 528 2157 admonendi
557 2111 693 2177 sumus,
729 2089 924 2155 Praetorem
960 2091 1058 2155 etiam
1092 2093 1124 2156 in

56 2214 121 2294 his,
144 2233 235 2300 quae
253 2212 294 2279 de
311 2214 412 2298 plano
431 2217 568 2301 ageret,
589 2217 838 2299 moptstratam
861 2216 972 2277 tamen
995 2208 1126 2297 eglise,

57 2355 112 2402 nec
135 2337 235 2422 quasi
258 2354 394 2402 coecum
416 2338 667 2419 amentemque,
697 2333 926 2420 quodcumque
954 2335 1126 2421 quisquam

59 2459 262 2542 postularet,
286 2458 373 2522 illico
395 2455 467 2522 lieri
488 2458 626 2523 iussisse
636 2449 682 2533 16).
726 2454 839 2537 Quare
862 2460 995 2542 quoties
1015 2456 1126 2522 Prae-

62 2582 116 2643 tori
139 2581 307 2664 liqueret,
328 2580 449 2642 iniuste
465 2596 637 2664 prauaque
653 2580 801 2663 ratione,
822 2582 861 2642 ut
878 2578 967 2644 laona
985 2580 1126 2644 alicuius

63 2700 327 2782 possiderentur,
350 2702 436 2784 peti,
459 2701 535 2786 qula
559 2699 648 2766 forte
670 2702 724 2785 qui
748 2703 881 2785 peteret
895 2699 1043 2765 creditor
1057 2719 1125 2763 non

65 2816 209 2903 esset¹⁷)‚
239 2822 348 2916 alioue
375 2821 473 2887 modo
501 2823 612 2906 palam
643 2823 716 2888 iure
745 2821 1003 2907 destitueretur,
1036 2819 1125 2885 haud

66 2942 189 3031 dubito,
207 2946 287 3028 quin
304 2942 472 3032 denegata
489 2945 705 3028 possessione
721 2961 793 3008 eum
810 2943 980 3008 dimiserit.
1013 2940 1126 3022 Quin-

68 3067 152 3129 etiam
187 3067 273 3129 satis
304 3065 381 3128 mihi
415 3069 468 3130 est
499 3064 677 3146 credibile,
710 3083 729 3128 e
761 3083 852 3130 more
882 3065 1006 3143 luisse,
1039 3068 1077 3128 ut
1105 3082 1128 3129 a

69 3189 251 3266 postulante
284 3206 431 3252 corusce
464 3205 525 3254 cur
557 3188 766 3273 postularet,
800 3189 873 3251 siue
907 3185 1127 3253 uadimonium

98 3475 135 3526 ill
162 3474 244 3525 Comi.
272 3474 302 3524 Ι..
328 3476 355 3524 5.
381 3473 411 3537 ἕ.
436 3479 461 3526 l.
487 3477 517 3526 L.
537 3477 564 3527 7.
623 3481 685 3529 nalo
707 3479 760 3529 aliu
784 3478 918 3538 edictalis,
949 3484 979 3529 ul
1003 3491 1073 3543 quae
1097 3490 1129 3526 ee

73 3556 109 3621 dd.
127 3565 169 3613 10.
192 3565 237 3613 ll.
258 3563 288 3613 Ι..
305 3565 330 3612 8.
352 3565 433 3626 Quib.
453 3578 483 3615 ex
503 3580 564 3615 cau.
625 3568 740 3617 «Edicto
758 3569 892 3617 Praetoris
912 3568 1013 3616 mortui
1037 3568 1129 3616 decer·

74 3648 290 3712 iupo.e.1..lti.
317 3652 346 3701 Si
361 3653 478 3702 seruitus
489 3655 564 3704 ulud.
624 3657 737 3713 suitur:
768 3656 820 3704 alia
839 3656 995 3716 decretalis,
1024 3669 1093 3718 quae
1112 3670 1129 3704 a

99 3740 137 3800 l5)
157 3740 187 3788 L.
210 3740 251 3790 lt.
268 3737 297 3802 δ.
319 3742 344 3789 l.
373 3741 414 3790 De
436 3743 499 3792 hou.
520 3758 565 3807 po.
625 3747 712 3794 auido
739 3745 864 3793 Proelme
888 3745 1070 3794 decernitur.»
1096 3769 1128 3780 -

76 3837 121 3876 tou.
140 3830 194 3877 tab·
215 3829 245 3877 l.
265 3829 293 3878 d.
326 3829 365 3877 Ite
390 3830 517 3892 conluug.
539 3845 563 3880 c.
624 3833 702 3883 (Ioui.
728 3833 762 3881 ad
783 3833 819 3881 l„
842 3834 867 3882 1.
906 3833 943 3882 lle
966 3834 1030 3882 bon.
1056 3846 1128 3896 poss.

77 3918 266 3967 ananelila-
283 3917 352 3965 vide
362 3931 440 3980 supra
454 3926 507 3968 not·
521 3920 563 3968 13.
623 3923 715 3985 Neque
734 3921 759 3969 id
781 3921 908 3984 loquendi
934 3935 1020 3982 genus
1045 3920 1129 3970 semel

103 4002 139 4066 la)
159 4007 278 4056 Nimium
298 4006 391 4055 hercle
410 4013 467 4065 est,
494 4009 565 4071 quod
624 4016 729 4060 mnium
747 4011 882 4069 occurrii,
902 4010 948 4058 sad
970 4010 997 4058 iu
1017 4023 1130 4058 cousue-

80 4087 152 4142 Gtoao
169 4095 203 4143 de
222 4095 404 4144 hereditatum
420 4099 566 4159 possessio·
624 4099 746 4148 tudinem
765 4096 952 4147 Glossalorum
976 4098 1128 4146 transierat·

82 4177 141 4231 albus
159 4183 266 4234 defluit:
291 4184 361 4233 «Est
381 4197 444 4247 ergo
464 4198 567 4248 posses·
661 4187 706 4242 17)
726 4185 756 4235 Ι..
776 4187 820 4236 50.
840 4201 880 4249 pr.
903 4187 940 4235 lle
960 4187 1075 4249 peculio.
