3114 5046
334 400 395 461 542
468 376 561 476 Cup.
585 378 615 448 1.
670 374 729 449 De
755 380 839 450 iure
863 400 1023 450 caussae
1049 374 1267 453 Tullianae.

334 571 533 634 ceronianac
569 565 779 652 eloquentiae
815 586 902 631 rroua
931 568 1058 651 aliquot
1087 569 1273 652 specimina
1306 589 1395 654 uquam

334 690 416 755 iuris
436 689 562 775 antiqui
590 688 754 754 uberrima
785 687 945 773 quaedam
975 687 1123 755 subsidia
1154 689 1395 776 acciperemus:

335 811 533 877 dissimulari
560 813 671 875 tamen
701 827 767 874 non
797 807 915 888 debet,
948 809 1121 875 Tullianae
1151 810 1251 876 buius
1280 809 1396 877 deien-

335 934 440 999 sionis
460 934 615 1021 exiguam
637 932 742 996 solum
765 934 892 1012 partem
915 931 1013 995 nobis
1035 951 1111 997 esse
1132 934 1342 1019 restitutam,
1362 952 1397 998 oc

337 1057 516 1139 propterea
537 1057 604 1119 tam
626 1052 770 1118 mutilam
793 1051 889 1116 nobis
911 1070 1008 1137 quum
1030 1053 1079 1117 rei
1092 1046 1224 1142 'gestae
1243 1056 1313 1119 tum
1332 1054 1398 1120 dis-

336 1175 538 1261 ceptationis
552 1190 662 1241 coram
676 1172 971 1257 recuperatoribus
989 1172 1122 1239 habitae
1140 1175 1296 1241 notitiam
1312 1194 1399 1243 com-

336 1296 463 1384 parari,
490 1298 528 1360 ut
556 1298 658 1360 totam
689 1312 829 1361 caussam
860 1296 1010 1358 naturam
1037 1296 1233 1380 perspicere
1255 1301 1292 1362 et
1314 1298 1398 1363 uelut

336 1415 504 1484 iudicandi
527 1435 644 1480 munus
665 1417 837 1499 suscipere
860 1414 923 1480 boc
942 1419 1035 1481 certe
1051 1416 1125 1482 loco
1143 1435 1212 1481 non
1229 1420 1399 1501 possimus

400 1590 567 1675 Quocirca
588 1611 686 1677 quum
707 1593 740 1656 in
758 1592 987 1677 superioribus
1005 1592 1214 1659 orationibus
1231 1594 1317 1660 illud
1332 1614 1398 1661 ma-

336 1716 424 1781 xime
457 1714 693 1801 quaesiuimus,
724 1713 802 1800 quid
836 1732 856 1779 e
889 1717 1051 1781 communi
1078 1715 1160 1779 iuris
1188 1718 1327 1784 ratione
1362 1716 1398 1783 ad

337 1834 567 1902 illustrandam
589 1854 757 1916 caussam,
779 1853 844 1922 qua
866 1834 908 1901 de
929 1836 1112 1925 agebatur,
1140 1837 1254 1903 alierri
1276 1844 1399 1923 posset

338 1976 426 2024 nunc
448 1976 504 2023 res
524 1959 599 2043 ipsa
620 1958 703 2044 tert,
731 1961 769 2022 ut
797 1976 948 2024 caussam
976 1957 1058 2024 iuris
1088 1961 1273 2025 communis
1296 1962 1398 2045 potius

337 2097 433 2164 quam
470 2081 664 2164 propositae
697 2096 839 2145 caussae
868 2079 920 2144 ius
953 2081 1159 2169 inuestigare
1188 2078 1398 2161 destinemus,

337 2204 498 2284 tantoque
519 2201 673 2265 alacriori
702 2200 813 2265 studio
842 2204 872 2265 ei
901 2202 1085 2290 cognitioni
1113 2220 1251 2287 operam
1281 2202 1397 2285 demus,

337 2328 463 2407 quanto
481 2323 590 2411 magis
609 2324 750 2387 omnium
768 2323 924 2407 opinione
941 2326 1090 2406 constat,
1111 2325 1145 2387 in
1160 2323 1395 2390 laceratissimo

337 2444 395 2509 illo
418 2443 530 2509 libello
551 2443 595 2509 ad
618 2443 856 2529 explorandam
888 2446 1112 2511 obscuriorem
1135 2445 1304 2530 quandam
1326 2449 1395 2511 iuris

338 2568 465 2650 partem
488 2566 674 2632 certissima
696 2567 860 2651 principia
881 2584 922 2632 ac
944 2565 1160 2632 fundamenta
1180 2568 1306 2634 inesse

400 2740 471 2809 Sed
494 2745 527 2806 in
557 2761 598 2808 ea
620 2745 880 2833 inuestigatione
902 2763 1017 2828 quum,
1049 2746 1147 2807 etiam
1169 2740 1394 2809 Ambrosianis

338 2864 465 2929 demum
487 2865 687 2951 fragmentis
708 2865 741 2929 in
764 2865 868 2931 lucem
892 2863 1004 2952 editis,
1033 2866 1172 2929 maximo
1195 2883 1270 2931 cum
1294 2866 1392 2931 fructu

339 2986 571 3052 elaborassent
590 2987 732 3070 primarii
754 2988 800 3050 illi
823 2987 904 3051 iuris
925 2986 1066 3052 Romani
1090 2987 1193 3050 ueluti
1216 2988 1298 3052 noui
1321 3006 1392 3053 con-

338 3107 482 3191 ditores,
523 3102 712 3173 Cremerae
742 3112 776 3172 et
809 3105 1001 3191 Satriculam
1044 3112 1184 3194 postea,
1213 3108 1392 3174 adiuuentis

337 3230 553 3313 amplioribus
585 3230 692 3313 copiis
723 3228 1001 3315 laurinensibus,
1037 3230 1130 3295 breui
1162 3229 1220 3293 illo
1256 3236 1391 3315 tempore

338 3356 606 3436 superuenerunt
628 3349 775 3418 Baiones
797 3356 831 3416 et
853 3349 1072 3419 diaconae.-
1095 3370 1233 3436 quorum
1257 3353 1314 3416 ille
1328 3353 1391 3437 qoi-

337 3472 429 3557 dem,
451 3477 487 3537 ut
507 3473 590 3556 ipsis
611 3479 688 3537 utar
703 3469 876 3538 lluscblcti
896 3473 1025 3561 uerbis,
1046 3477 1085 3538 ia
1106 3471 1162 3538 lais
1182 3477 1390 3557 potissimam

336 3593 456 3678 rebeus,
478 3611 567 3680 quoe
589 3593 638 3657 ed
659 3598 714 3659 tas
742 3593 1045 3681 diadematum,
1078 3598 1154 3659 tam
1175 3594 1292 3659 malta
1313 3592 1389 3660 acab

336 3714 515 3780 tortellecit
537 3720 600 3779 uest
620 3732 806 3798 perperam
819 3715 985 3803 preteriti,
1006 3720 1045 3782 ut
1060 3713 1148 3783 boec
1161 3735 1250 3799 pars
1265 3719 1388 3782 omitia

337 3836 450 3902 decesso
478 3836 710 3902 retractanda
736 3835 934 3919 uideretur,
967 3835 1019 3902 bic
1049 3842 1168 3903 contra
1198 3858 1267 3902 non
1298 3838 1387 3903 solua

338 3956 455 4021 Beteet
486 3975 620 4023 errores
646 3957 809 4023 refutauit
839 3959 1069 4042 correxitque,
1097 3976 1211 4023 uerum
1235 3963 1331 4025 etiam
1350 3954 1385 4020 rei

334 4081 455 4167 gestae
493 4078 731 4165 explicandae,
766 4079 901 4145 lectioni
941 4080 1161 4167 castigandae
1194 4084 1384 4163 caeterisque

334 4200 436 4265 rebus
457 4200 608 4267 omnibus
630 4202 801 4289 egregiam
824 4220 958 4285 operam
982 4205 1129 4267 nauauit.

269 4560 302 4623 ὲ..
321 4574 345 4621 .„=
361 4556 382 4611 ⁹..
