3114 5046
343 1269 813 1361 Pnnlinnnlo.

127 1664 384 1769 Compluribus
405 1666 509 1743 bisce
532 1669 635 1742 annis
661 1664 905 1744 academicum
929 1673 1120 1760 semestre,

56 1823 147 1923 quod
174 1849 367 1919 noeamns,
397 1824 531 1901 nulium
557 1824 645 1918 fuit,
673 1828 755 1926 quin
778 1824 977 1904 seeundum
1000 1828 1121 1901 uarias

56 1985 138 2058 iuris
163 1984 316 2059 Romani
341 1984 555 2088 disciplinas
581 2010 688 2060 nnnm
707 1984 906 2061 alterumue
924 1981 1121 2063 Ciceronis

55 2141 178 2216 librum
214 2165 265 2217 ex
298 2143 567 2244 antiquitatibus
604 2146 693 2220 iuris
731 2144 869 2248 publici
910 2168 955 2223 ac
989 2145 1123 2248 priuati

55 2302 308 2404 explanarem,
346 2305 464 2404 iisqne
502 2304 721 2382 lectionibus
757 2305 880 2406 optimi
910 2306 1042 2404 quique
1078 2326 1123 2381 ae

54 2461 307 2537 studiosissimi
334 2464 486 2538 iuuenes
513 2464 724 2563 frequentes
749 2484 895 2565 semper
915 2461 1120 2538 adfuerunt.

126 2677 269 2752 initium
292 2680 376 2780 cepi
394 2703 417 2752 a
434 2677 667 2771 Rhetoricis,
696 2676 834 2752 deinde
854 2675 986 2754 abhinc
1004 2679 1120 2751 trien-

59 2838 112 2911 nio
130 2836 327 2913 Orationes
355 2837 506 2913 adortus
532 2863 621 2912 sum.
659 2838 759 2930 Quas
783 2860 889 2937 quum
914 2859 965 2911 ex
991 2834 1121 2910 ordine

60 2999 247 3097 temporis,
275 3020 347 3096 qno
366 2995 511 3071 habitae
533 3006 637 3089 sunt,
664 2998 724 3096 qui
746 2995 844 3071 idem
869 2995 949 3070 fere
972 2993 1121 3069 Editio-

63 3174 131 3227 nnm
158 3178 247 3229 esse
272 3154 391 3247 solet,
425 3159 551 3257 paucis
578 3157 814 3247 intermissis,
853 3153 901 3229 ad
928 3150 1121 3230 Cluentia·

64 3333 130 3386 nam
167 3336 283 3412 usqne
316 3322 627 3415 pertractassem,
667 3313 882 3414 illorumque
920 3311 1123 3387 studiorum

68 3492 125 3543 non
158 3471 279 3549 fructu
311 3472 429 3547 solnm
463 3472 804 3573 quantulocunque,
849 3494 973 3547 uerum
1013 3473 1123 3546 etiam

70 3627 134 3726 ipsa
159 3629 375 3708 difficultate
406 3656 450 3708 ac
475 3633 604 3708 labore
635 3636 673 3705 in
699 3631 782 3707 dies
808 3634 924 3732 magis
952 3630 1123 3707 delecta·

73 3809 137 3879 rer,
163 3790 309 3866 tandem
336 3790 384 3866 ad
410 3791 642 3869 scribendum
669 3813 725 3866 me
753 3788 902 3867 contuli.

133 3950 297 4050 Aequum
329 3973 467 4027 censeo
502 3954 678 4025 rationem
712 3973 769 4025 me
801 3948 961 4025 reddere
998 3970 1121 4024 seme·

76 4108 176 4182 utrium
202 4110 420 4209 quarundam
449 4112 808 4200 commentationum,
854 4110 963 4211 cupio
995 4107 1121 4183 erudi·
