3114 5046
438 377 501 438 ete

617 373 712 475 Cep.
738 375 799 450 ΙΙ.
850 373 912 450 De
936 379 1127 451 uastante
1153 378 1322 450 lectionis

887 567 970 652 Cep.
991 563 1054 631 23.

564 741 653 806 bone
673 759 741 805 nou
763 730 952 820 uenientut]
975 740 1063 806 bono
1078 758 1170 804 reterre
1185 740 1367 804 neuteriut:
1391 736 1453 820 Pb,
1476 755 1505 821 o,

607 861 646 944 d,
669 861 699 946 i,
721 883 764 950 g,
786 863 808 926 l.
832 901 869 911 -
895 861 986 926 tona
1008 864 1202 926 sortierint:
1225 858 1295 942 Po,
1317 857 1348 922 h.

564 973 770 1068 sponsores]
792 1000 1028 1069 possessores:
1054 976 1177 1054 Pk.¹²⁷)

565 1111 600 1169 et
622 1105 810 1189 complures
837 1094 996 1184 fuorunt]
1039 1103 1172 1168 Desunt
1193 1104 1228 1166 iu
1251 1102 1291 1166 Β.
1313 1101 1384 1188 Po,
1407 1103 1445 1181 b,
1468 1101 1505 1186 d,

607 1224 911 1314 f,g‚h‚',l‚n·
991 1244 993 1248 Α

564 1342 666 1413 Cotus
688 1337 818 1426 freter]
850 1343 981 1414 Castor
1001 1345 1124 1411 freter:
1148 1345 1214 1427 Pb,
1236 1363 1266 1412 o.
1287 1384 1328 1396 -
1353 1341 1505 1410 Ceotttos

605 1451 658 1555 p‘r.
681 1467 805 1533 irater:
828 1467 887 1533 Pe.

565 1593 600 1654 et
621 1591 663 1655 tio
684 1579 784 1670 den]
807 1593 841 1654 et
863 1588 919 1655 lits
941 1588 1032 1655 deba
1054 1588 1120 1670 Pu,
1145 1607 1182 1670 e,
1203 1587 1242 1674 h,
1265 1588 1294 1671 l,
1317 1607 1357 1650 m.

565 1729 673 1796 neque
696 1700 830 1790 tomen]
860 1729 929 1776 nort
952 1714 1079 1776 temon:
1103 1708 1153 1774 Pl.

314 1881 341 1892 ..
564 1822 747 1920 insignite]
769 1835 977 1918 trrstprttter:
1001 1830 1061 1896 ek.
1070 1827 1125 1905 128)

314 1981 418 2026 4221,
438 1946 473 2033 s.
487 1951 537 2015 it.
559 1972 645 2018 unus
667 1954 730 2018 fuit
752 1999 761 2016 .
783 2000 791 2016 .
814 2001 821 2016 .
845 1996 854 2016 .
875 1953 963 2017 ultro
986 1942 1149 2032 deberet]
1173 1951 1304 2018 Desunt
1328 1954 1362 2016 in
1387 1947 1506 2028 ΡΨ)

474 2283 535 2350 127)
555 2286 665 2339 Boetius
681 2285 760 2336 affort
775 2286 829 2336 Me.
852 2285 942 2336 Ursini

438 2381 465 2425 et
483 2374 547 2424 θοὰ.
567 2375 616 2437 S.‚
643 2375 690 2424 ubi
709 2388 742 2424 eu
760 2375 841 2426 tectio
859 2374 940 2425 hubo·

438 2470 508 2515 rtur.
536 2463 821 2525 Orettiusdubitabut‚
840 2476 941 2512 uerno

437 2566 467 2603 ru
482 2558 553 2603 osset
573 2551 663 2601 Ursini
675 2553 841 2602 contectura.
863 2550 941 2602 Certe

438 2640 541 2692 nultius
561 2641 640 2704 pretii
659 2646 709 2690 eet.
746 2640 786 2689 De
804 2641 942 2701 sponsori-

438 2730 486 2781 bee
512 2736 536 2779 et
562 2729 739 2779 creditoribus
764 2729 803 2778 sie
831 2729 942 2777 coniun-

437 2820 487 2868 ctis
512 2817 585 2869 coni.
615 2817 670 2866 Lee
705 2817 778 2866 tutio
811 2817 940 2878 municip.

437 2921 498 2971 sup.
523 2907 549 2956 8.
570 2906 648 2966 (Tot.
669 2905 794 2959 Herod„
826 2903 942 2954 Dirteeo

438 3010 465 3059 p.
480 2990 535 3059 72.)
555 3009 569 3039 o
579 2996 626 3059 qui
645 2994 818 3056 sponsoribus
831 2993 942 3043 credito·

439 3082 568 3133 «Aterno
587 3084 642 3133 suis
667 3083 841 3132 renuneiuuit
866 3116 874 3130 .
901 3117 909 3132 .
933 3115 940 3129 .

439 3185 489 3221 «so
507 3171 624 3221 solidum
638 3170 745 3220 soluere
764 3184 819 3220 uon
833 3182 941 3233 posse.»

437 3260 554 3322 Philipp.
582 3259 637 3319 Vt,
668 3258 703 3319 t,
731 3261 791 3309 11.:
821 3260 941 3309 «uidere

439 3348 603 3412 «potuistis,
622 3347 743 3410 quotidie
761 3360 902 3408 sponsores
918 3351 943 3397 et

439 3435 605 3485 «creditores
630 3434 661 3484 L.
686 3434 818 3484 Trobeitii
843 3448 943 3484 conue-

439 3524 550 3573 entre.»

472 3606 535 3674 128)
560 3609 639 3673 Apud
663 3606 846 3658 Garatoniom
871 3610 943 3660 huno

439 3699 551 3748 inuenio
567 3696 599 3747 F.
631 3697 720 3747 Ursini
738 3703 847 3747 notam:
877 3699 944 3747 «tn-

439 3787 574 3849 esipniter
592 3789 690 3838 rectius
709 3792 787 3836 uetus
807 3786 903 3836 tiber.»

473 3872 534 3938 129)
554 3875 659 3936 Locus,
679 3878 717 3926 uti
736 3876 820 3938 uulgo
836 3876 940 3935 editur,

438 3964 600 4013 sanissimus
621 3965 730 4027 quidem
761 3978 794 4014 ue
818 3965 942 4028 planissi-

439 4064 484 4100 mo
494 4065 594 4110 seusu,
612 4058 730 4103 attamen
743 4058 770 4102 et
786 4055 941 4102 coniectura

439 4144 466 4188 et
484 4140 704 4202 interpretatione
731 4142 806 4190 uerte
833 4141 942 4191 lucessi-

440 4233 490 4277 tus.
527 4228 615 4291 Atque
639 4227 788 4278 Hotomooi
812 4233 839 4278 et
865 4228 942 4278 Lom-

998 2286 1055 2337 tini
1080 2286 1231 2337 tentamine
1259 2291 1371 2336 eueuue
1399 2286 1506 2350 reputo-

998 2380 1061 2425 runt
1080 2389 1142 2425 oum
1159 2373 1287 2425 Mooetio
1313 2372 1505 2425 Gottietmios.

999 2461 1146 2518 Gruterus,
1174 2461 1329 2525 Genesim,
1361 2463 1508 2514 Setetterus

998 2549 1086 2616 (ooo.
1108 2567 1135 2616 p.
1154 2548 1223 2616 41).
1251 2551 1356 2602 Rursus
1371 2551 1509 2602 Seouerou

997 2642 1043 2691 uix
1064 2654 1093 2691 se
1113 2640 1267 2702 continuit,
1294 2643 1362 2705 quin
1382 2643 1510 2691 emendu-

997 2735 1048 2780 ret·
1076 2729 1150 2779 «Per
1167 2742 1196 2779 ee
1213 2729 1336 2793 quidem,
1358 2731 1457 2793 iuquit.
1472 2730 1510 2779 ui-

999 2818 1060 2867 ohit
1071 2818 1194 2881 impedit,
1206 2819 1358 2881 quominus
1368 2819 1420 2868 istu
1429 2818 1510 2869 uerbo

999 2907 1060 2955 «stc
1076 2903 1118 2968 (ou
1137 2907 1246 2956 iliorum
1261 2906 1316 2955 VV.
1330 2908 1387 2956 DI).
1404 2913 1511 2956 senteu-

998 2991 1057 3055 tiu)‚
1074 2996 1271 3058 oucoipiuutur.
1290 2995 1393 3045 Mirum
1409 3002 1508 3052 tumen,

999 3082 1182 3133 «Ciceronem
1200 3096 1337 3147 nusquam
1356 3084 1425 3134 stibi
1444 3083 1510 3133 itue-

999 3172 1068 3221 uuto
1098 3173 1151 3221 hoo
1181 3172 1321 3232 obiicere,
1354 3173 1430 3235 quod
1459 3175 1510 3233 ipse

1000 3258 1135 3319 «Quintio
1147 3260 1294 3310 debuerit.»
1329 3260 1409 3311 Itone
1424 3263 1511 3310 uerot

1000 3347 1095 3398 Nonne
1115 3361 1196 3411 supra
1218 3363 1242 3398 o.
1257 3349 1284 3399 8.
1299 3355 1445 3409 narratur,
1467 3363 1510 3412 po

999 3441 1057 3486 steo
1085 3443 1178 3486 autern
1203 3438 1244 3487 bis
1271 3435 1307 3500 (o.
1335 3438 1379 3487 13.
1408 3445 1435 3487 et
1454 3435 1510 3497 28.)

999 3525 1154 3587 repetitur,
1183 3525 1344 3588 Quinotium
1374 3527 1511 3575 condicio·

999 3625 1063 3662 nem
1081 3613 1178 3663 tulisse
1196 3615 1321 3676 Naeuio,
1347 3620 1379 3663 ot
1399 3616 1511 3663 inuicem

998 3699 1149 3750 iudicatum
1167 3702 1236 3750 sotei
1255 3703 1328 3752 inter
1350 3716 1379 3751 se
1398 3705 1511 3752 entisdo-

997 3793 1067 3838 rent.
1106 3788 1165 3838 Hoc
1182 3804 1250 3841 uero
1264 3791 1457 3842 mediusfidius
1467 3792 1511 3854 qui

1000 3877 1085 3940 potuit
1104 3877 1247 3939 Quinctius
1268 3893 1325 3930 non
1348 3882 1433 3932 modo
1455 3894 1511 3944 pro

999 3966 1132 4016 nunciare
1151 3980 1248 4016 uerum
1271 3970 1354 4018 etium
1374 3972 1509 4032 cogitare.

1000 4055 1051 4103 nisi
1076 4053 1147 4104 ultro
1173 4056 1311 4107 Naeuium
1339 4059 1442 4109 debere
1463 4059 1511 4107 sibi

999 4142 1170 4203 intenderet,
1200 4158 1289 4208 euque
1317 4153 1412 4197 mente
1434 4148 1512 4197 ectio

999 4244 1061 4281 nem
1082 4245 1191 4295 quoque
1211 4234 1364 4285 dictaturus
1385 4239 1479 4287 esset?
