3114 5046
224 343 263 420 s.
289 332 329 405 9.
363 325 544 428 Defensio
569 334 610 404 in
634 341 767 433 portes
792 337 964 437 locosque
989 338 1146 440 disesia.
1176 341 1234 404 181

174 523 210 585 ut
236 522 292 585 uei
320 520 398 586 inde
426 522 534 607 quiuis
563 521 706 588 Tullioni
737 525 837 590 moris
864 525 1075 593 mediocriter
1106 529 1235 614 quidem
1254 539 1392 636 ‘ff'effi

173 661 302 730 gnerus
324 642 424 709 ieeile
440 644 631 732 intelliget,
666 644 747 709 nihil
775 663 846 711 eum
875 646 918 711 ed
940 666 1091 714 caussam
1112 649 1234 717 iudici·
1254 655 1303 692 ²³¹¹*

173 782 291 848 umque
313 765 438 830 uetere.
479 762 604 850 Utique
625 766 659 831 in
679 768 891 834 cauillatione
906 770 1080 836 uerborum
1099 790 1234 855 permu-

173 884 353 970 tsndisque
382 887 483 953 rebus
514 888 604 952 inter
633 907 672 954 se
708 888 942 956 diuersissimis
971 892 1001 955 is
1033 892 1128 958 loeus
1156 892 1234 957 mitri

172 1007 307 1073 uidetur
328 1010 421 1072 totus
442 1010 581 1074 uersari.
633 1008 717 1074 Nam
748 1010 836 1096 quod
858 1013 892 1075 in
920 1011 1122 1079 uenditionis
1145 1015 1234 1079 iliius

173 1130 326 1214 publicae
355 1128 477 1216 forma,
512 1131 715 1200 solennitate
741 1136 873 1221 rituque
900 1133 1101 1202 celebrando
1123 1137 1232 1200 inter-

171 1252 305 1317 uenisse
336 1248 469 1315 uidetur
498 1268 570 1317 eum
599 1252 682 1316 socii
703 1253 772 1315 tum
803 1245 949 1328 Quinctii
977 1266 1114 1332 nomen,
1144 1246 1177 1311 id
1199 1249 1234 1313 in

171 1373 392 1436 uoluntarium
421 1373 508 1437 inter
543 1370 705 1437 Naeuium
739 1375 773 1436 et
805 1366 993 1449 Quinctium
1023 1368 1233 1434 emendorum

172 1493 300 1558 illorum
335 1494 494 1559 bonorum
527 1496 722 1560 societatem
756 1493 880 1556 furtiue
913 1490 1053 1576 quedem
1081 1491 1233 1557 insinue-

171 1617 259 1680 tione
283 1618 401 1679 orator
422 1617 619 1681 conuertere
640 1613 763 1680 studet.

229 1736 298 1802 nst
327 1734 457 1820 quidem
488 1735 681 1802 incredibile
711 1735 940 1823 hominumque
969 1736 1114 1801 moribus
1146 1737 1232 1801 etie-

171 1877 255 1942 num,
268 1856 442 1942 Naeuium,
455 1877 551 1943 quum
567 1858 655 1923 bonu
670 1853 815 1939 Quinctii
836 1874 878 1921 ex
890 1852 1011 1920 Edicto
1027 1850 1232 1938 possideret,

172 1998 289 2043 nouam
312 1979 412 2043 uilius
431 1979 481 2043 rei
502 1982 697 2046 societatem
720 1996 854 2045 cuneo
880 1977 1100 2042 contraxisse.
1142 1971 1232 2038 Nihil

172 2093 377 2189 repugno²⁹).
431 2099 481 2165 At
510 2119 552 2165 ne
581 2101 653 2185 ipse
688 2099 819 2185 quidem
841 2099 977 2182 Cicero,
1007 2097 1069 2161 nisi
1092 2095 1232 2179 delapso

173 2219 210 2284 sd
231 2240 303 2286 rem
319 2220 508 2311 sugendam
527 2223 688 2307 erutione,
710 2221 869 2305 uitirmat,
890 2223 1123 2286 incommune
1144 2236 1229 2282 eon-

174 2347 354 2429 tractaque
370 2346 538 2408 societate
557 2342 718 2408 Naeuium
734 2360 806 2408 eum
828 2340 983 2423 Quinctio
1004 2340 1120 2406 Alieni
1142 2339 1230 2404 bona

175 2465 298 2529 emisse.
353 2463 456 2529 Immo
491 2467 558 2529 ten
592 2467 626 2529 in
658 2464 853 2529 breuissime
883 2463 964 2529 fecti
992 2452 1230 2538 narratione³⁰)
1352 2459 1357 2468 '

177 2603 263 2668 quum
297 2585 333 2648 in
360 2583 450 2650 tinuli
477 2603 586 2650 rerum
615 2577 859 2670 repetitione³¹)
885 2580 1109 2649 tantummodo
1132 2580 1230 2665 dicit,

177 2704 329 2771 Naeuium
355 2706 390 2770 in
417 2706 482 2770 iilis
503 2707 601 2772 bonis
622 2706 769 2772 emendis
790 2707 915 2771 socium
943 2703 1091 2769 edidisse
1120 2698 1229 2784 Quin-

178 2830 278 2893 etium.

229 2949 412 3015 Enimuero
445 2950 501 3034 qui
540 2949 609 3014 fieri
646 2950 770 3035 potuit,
805 2953 843 3014 ut
879 2949 1007 3034 quicum
1039 2949 1144 3033 ipsius
1179 2950 1229 3011 rei

200 3208 245 3266 ἢ)
276 3207 372 3259 Obiter
400 3208 670 3272 animaduertemns,
728 3210 817 3260 «riam
835 3209 991 3261 societatem
1010 3209 1118 3268 coibas,
1136 3209 1182 3273 qui
1201 3213 1228 3259 ts

178 3297 237 3358 qood
255 3293 342 3347 Gaison
359 3296 442 3348 hebet
459 3298 487 3347 in
506 3295 604 3347 comm.
619 3297 669 3346 iii.
728 3299 776 3349 uin
795 3299 958 3350 hereditaria
976 3299 1104 3348 societate
1122 3296 1228 3347 treuda-

178 3379 276 3444 §.154
314 3385 402 3435 «item
418 3386 443 3434 st
460 3387 671 3435 eutuseesoos'ts
729 3392 808 3448 urst,
840 3392 867 3437 et
889 3401 951 3438 eum
974 3388 1074 3438 iudicio
1093 3394 1138 3437 tuo
1156 3401 1228 3436 eom-

178 3472 254 3524 ·tonu
278 3472 385 3535 publice
413 3478 459 3522 aut
478 3474 611 3535 priuatim
628 3488 671 3524 ue·
728 3476 898 3539 «probabas,
926 3489 1006 3539 quem
1027 3475 1171 3539 spoliatum
1191 3475 1227 3525 iu·

177 3563 304 3615 trierim,
324 3561 440 3610 totunm·
458 3562 596 3612 societas.»
727 3577 796 3614 oms
819 3564 988 3627 fortunisque
1011 3564 1137 3614 omuibus
1157 3564 1227 3613 arbi·

201 3649 245 3710 td)
263 3649 374 3711 luregn
392 3650 460 3700 haee
488 3655 545 3700 est:
576 3648 670 3699 «Emi
728 3654 898 3712 «trebure»,
918 3666 943 3701 c.
962 3651 1006 3701 et.

177 3739 222 3787 eni
241 3739 314 3788 bonu
341 3735 402 3788 Sex.
427 3737 517 3788 Alieni
542 3737 570 3787 i..
595 3737 670 3787 Soita
761 3741 805 3795 31)
824 3755 848 3790 o.
867 3741 911 3791 29.
950 3739 1064 3789 «Postea
1084 3755 1143 3789 sum
1163 3755 1227 3791 usus

176 3825 325 3875 «Dictatore
359 3826 505 3875 uendente.
561 3825 670 3876 socium
729 3828 900 3878 «aduersarii
919 3828 1090 3888 testimonio,
1111 3830 1156 3891 qui
1176 3831 1226 3878 sibi

175 3916 236 3963 stibi
261 3916 290 3963 in
318 3914 401 3963 tinius
425 3909 473 3975 (ui.
504 3914 543 3964 ists
561 3910 669 3976 ostiis)
727 3917 1225 3980 uenmnuperediditsoeium‚quern,

174 4003 267 4052 «tonis
280 4003 389 4052 edidisti
402 4002 569 4063 Quinctium.
589 4002 670 4052 Plura
727 4018 802 4067 «quo
822 4005 902 4055 modo
927 4019 999 4054 nune
1024 4006 1156 4064 intendit,
1192 4020 1226 4054 ne

172 4105 242 4140 «non
267 4092 359 4142 dieo.»
389 4115 418 4124 -
460 4090 585 4154 Sequitur
615 4105 670 4139 am·
728 4093 777 4141 «in
815 4093 941 4143 uiuorum
975 4094 1083 4156 quidem
1112 4107 1228 4144 numero

171 4179 315 4241 piifieatioz
337 4180 430 4231 «Cum
449 4193 481 4229 eo
501 4187 527 4229 tu
547 4179 670 4230 uolunta·
729 4186 807 4232 «tum
826 4182 991 4232 demonstret
1010 4181 1119 4232 tuisse.»
