3114 5046
331 373 392 437 ¹4²
445 371 540 474 cap.
559 354 609 450 1.Ι
646 372 709 451 De
733 378 819 450 iure
834 392 1005 451 -ceuiaue
1033 374 1298 463 Quinctianae.

170 569 310 668 ,fga-ine
329 563 428 628 lauit:
453 581 528 628 nam
549 562 634 630 boec
656 566 764 629 omnia
781 564 953 630 Praetoris
967 564 1122 650 decreto,
1144 584 1210 651 quo
1225 563 1394 630 satisdare

171 684 252 736 „ruo
284 641 297 681 Ρ
329 687 425 750 iussit
451 685 630 771 Alfenum,
657 689 716 750 aut
743 687 856 751 uerbis
889 705 1052 771 expressa
1079 690 1138 752 aut
1166 687 1270 753 tacite
1299 704 1395 753 conr·

329 806 497 891 prehensa
518 825 558 873 ac
580 807 688 892 palam
711 809 883 873 intellectu
910 808 1061 895 luerunt,
1090 805 1273 893 eademque
1301 806 1393 872 nullo

328 926 428 992 dubio
449 923 627 1016 Naeuius,
650 947 747 1013 quum
770 931 907 1012 primum
935 930 978 996 ab
1008 929 1134 995 Alieno
1164 930 1199 992 in
1228 929 1393 995 bonorum

328 1051 542 1133 possessione
564 1033 848 1132 adprehendenda
868 1052 933 1114 uim
949 1070 1069 1135 passus
1083 1052 1174 1116 esset
1185 1043 1227 1135 ³),
1248 1048 1394 1115 aPrae·

327 1174 419 1255 tore,
442 1172 503 1233 nisi
528 1166 704 1251 Quinctius
725 1170 868 1254 absens,
893 1173 941 1235 uti
965 1174 1154 1257 oporteret,
1184 1170 1307 1236 iudicio
1331 1169 1395 1235 de-

327 1291 541 1375 fenderetur,
564 1293 795 1374 postulauerat
823 1296 924 1377 atque
946 1312 1007 1377 pro
1029 1294 1214 1359 certissimo
1236 1310 1300 1357 suo
1322 1293 1394 1357 iure

326 1414 487 1480 acerrime
517 1412 748 1500 flugitoueratt
783 1411 872 1478 unde
900 1413 980 1478 illud
1012 1431 1143 1499 quoque
1174 1413 1393 1501 intelligitur,

328 1533 415 1618 quod
438 1533 567 1599 'l'ullius
589 1536 622 1597 in
645 1552 673 1599 e.
694 1533 740 1618 7.,
771 1552 809 1599 re
838 1537 872 1598 in
899 1534 1054 1599 inuidiam
1080 1552 1196 1620 uersa,
1230 1533 1393 1599 Naeuium

308 1655 494 1740 ,insimulat
516 1657 618 1739 eaput
641 1659 758 1738 petere
779 1653 868 1719 haud
890 1655 1029 1720 desiisse
1038 1649 1070 1734 ⁴).

389 1773 541 1860 Alfenus
576 1776 686 1840 autem
719 1774 810 1859 apud
845 1774 1040 1842 Praetorem
1075 1776 1322 1863 contenderat,
1357 1779 1393 1840 ut

326 1898 497 1962 absentem
521 1892 710 1977 Quinctium
732 1900 806 1961 sine
835 1898 1058 1965 satisdatione
1086 1895 1272 1963 defendere
1301 1898 1394 1963 elus-

326 2037 391 2103 que
411 2020 544 2082 nomine
565 2017 719 2082 iudicium
748 2020 903 2102 accipere
931 2019 993 2084 sibl
1021 2019 1158 2102 liceret,
1190 2037 1299 2104 eaque
1331 2018 1393 2083 de·

327 2139 478 2203 tensione
500 2138 642 2221 probata
664 2135 825 2205 Naeuius
846 2140 890 2205 de
916 2137 1072 2220 Qulrrctii
1098 2139 1197 2205 botris
1226 2139 1393 2204 decedere

325 2259 512 2325 iuberetur.
559 2256 561 2261 ’

389 2376 488 2460 Quod
511 2399 607 2465 quum
629 2378 773 2444 Praetor
795 2381 1015 2470 denegasset,
1045 2381 1224 2467 quinetiam
1251 2398 1394 2465 posses-

325 2504 452 2566 sionem
486 2501 668 2587 bonorum,
703 2503 767 2565 nisi
800 2502 964 2566 satisdato
1000 2505 1201 2587 procurator
1237 2501 1394 2568 iudicium

325 2625 513 2706 acciperet,
549 2621 687 2688 decreto
715 2639 776 2687 suo
807 2623 1054 2705 confirmasset,
1086 2622 1279 2706 tuendoque
1312 2641 1395 2706 pos-

326 2746 452 2809 sessori
476 2748 626 2827 porotum
648 2761 724 2808 sese
754 2743 973 2808 ostendisset:
1010 2747 1077 2807 tum
1106 2742 1269 2828 Alfenus,
1306 2743 1395 2809 sicut

325 2869 389 2931 iam
414 2869 516 2930 antea
543 2865 665 2930 dietum
695 2866 763 2946 est,
793 2866 946 2931 tribunos
975 2864 1019 2948 pl.
1046 2865 1248 2949 appellauit,
1281 2865 1339 2949 qui
1363 2867 1396 2930 rt

327 2991 476 3071 certum,
500 2986 586 3084 quod
610 2986 805 3071 petebatur,
827 2985 1002 3049 aemilium
1024 2984 1188 3050 tulissent
1199 2977 1239 3067 ⁵),
1261 2983 1395 3050 besl

326 3106 489 3171 aduersus
511 3106 684 3171 Praetoris
711 3106 776 3168 uim
805 3122 845 3170 oe
873 3107 1075 3188 potestatem
1102 3104 1232 3170 Naeuio
1256 3123 1395 3171 accom-

327 3226 521 3292 modandam
544 3227 668 3292 auxilio
691 3243 729 3290 se
750 3224 823 3289 iore
846 3226 1139 3310 pronunciassent,
1162 3244 1219 3289 res
1242 3245 1284 3291 eo
1312 3247 1397 3314 per-

328 3347 428 3413 ducta
449 3348 586 3429 fuisset,
618 3350 655 3410 ut
680 3348 812 3430 impune
842 3344 990 3410 Naeuius
1012 3364 1086 3411 curn
1108 3346 1151 3411 de
1174 3351 1397 3431 possessione

326 3467 527 3533 deiiceretur
558 3471 625 3532 tum
660 3466 703 3531 ab
733 3464 1018 3550 adprehendenda
1046 3467 1248 3552 reliquarum
1284 3487 1396 3536 rerum

327 3591 542 3672 possessione
567 3589 798 3673 repelleretur.

389 3708 440 3774 Ne
456 3709 565 3794 pluro,
581 3710 790 3794 perspicuum
806 3712 875 3795 est,
892 3708 1015 3794 quoda
1031 3712 1195 3796 principio
1212 3716 1396 3797 posuimus,

362 4029 389 4094 3)
409 4031 487 4082 Coui.
507 4047 531 4081 e.
545 4032 571 4081 e.
588 4033 629 4082 ili.
644 4033 687 4082 20-
702 4033 746 4081 22.
760 4038 826 4083 extr.
919 4031 950 4094 5)
968 4047 993 4082 o.
1007 4034 1033 4082 7.
1054 4040 1138 4093 extr..
1161 4038 1241 4085 euius
1260 4037 1318 4088 loci
1340 4053 1396 4090 uer

326 4123 388 4180 ee,
407 4126 433 4169 et
454 4135 534 4184 supra
554 4117 583 4181 b.
599 4122 625 4169 7.
647 4137 672 4183 p.
690 4120 750 4169 lii.
885 4121 918 4169 ba
944 4122 1027 4171 hebes
1053 4137 1134 4186 supra
1160 4120 1189 4184 §0
1216 4125 1243 4174 ¹1.
1268 4133 1328 4178 not.
1354 4128 1396 4178 28,

361 4207 390 4272 i)
402 4206 826 4272 videremur.noctepree.
885 4221 910 4270 p.
931 4209 991 4259 rec.
