3114 5046
225 327 263 405 ς.
292 317 332 391 9.
376 311 556 415 Defensio
573 317 761 416 importes
782 318 953 417 locosque
970 317 1128 418 clipeata.
1171 318 1232 382 ¹⁷⁷

237 505 299 571 Ν.
320 505 396 572 Non
429 504 562 571 uidetur
590 523 632 570 ex
667 504 787 571 Edicto
818 505 1015 595 possidere,
1051 507 1107 593 qul
1135 509 1233 574 etiam
1252 528 1303 569 rm
1317 528 1386 570 nos

175 629 364 713 priusquam
398 645 418 691 a
455 626 620 692 Praetore
650 629 855 716 postularet,
893 631 929 692 ut
962 628 1135 714 possidere
1170 630 1234 695 sihi

172 749 309 836 liceret,
345 749 379 813 ln
410 749 657 835 possessionem
689 752 834 815 mcertt.
887 748 927 815 ld
959 767 1041 814 uero
1073 749 1234 816 Naeuium

172 871 397 953 commisisse,
433 867 510 934 inde
539 869 748 934 manifestum
776 873 844 956 cst,
880 869 989 956 quod,
1025 890 1123 957 quum
1155 875 1235 936 ante

173 991 259 1058 diem
281 1010 316 1056 v.
336 990 511 1056 Kalendas
531 992 750 1057 intercalares
767 990 961 1057 Praetorem
983 991 1140 1076 adiisset,
1161 995 1236 1076 pri-

173 1114 227 1181 die
248 1116 314 1180 iam
335 1113 511 1180 Kalendas
532 1132 591 1178 cas
611 1114 646 1178 in
668 1112 778 1180 Gallia
801 1089 978 1194 Quinctius
998 1113 1041 1179 ab
1063 1115 1119 1199 iis,
1152 1133 1237 1199 quos

173 1237 228 1301 iile
259 1237 416 1323 miserat,
447 1234 490 1301 de
524 1234 628 1300 fundo
664 1233 815 1301 deiectus
850 1239 913 1300 est.
971 1206 1102 1300 Etenim
1139 1253 1235 1300 nemo

174 1361 288 1440 potest
316 1356 426 1421 induo
455 1356 563 1422 Roma
585 1359 679 1421 trans
700 1355 810 1441 Alpes
832 1358 865 1420 in
888 1355 1029 1423 Galliam
1051 1358 1237 1441 peruenire.

175 1475 375 1544 c½-ffi

234 1635 279 1701 V.
300 1631 472 1721 Creditur,
507 1640 544 1701 ut
564 1637 744 1702 iustissima
766 1637 796 1701 ei
819 1635 985 1701 dooaomm
1004 1635 1237 1720 possidendo-

178 1777 253 1823 mm
290 1776 418 1823 conseo
451 1776 494 1823 ex
528 1756 649 1825 Edicto
689 1756 976 1844 suppeditauerit‚
1012 1775 1080 1821 non
1124 1759 1237 1841 potest

179 1883 288 1944 umen
309 1877 449 1945 iudicari
470 1897 517 1944 ee
538 1877 668 1944 Edtoto
686 1880 898 1968 possedisse,
920 1879 983 1943 nisi
999 1882 1134 1945 caetera
1150 1896 1237 1962 quo-

180 2018 263 2087 que,
284 2017 372 2085 quae
394 1998 436 2065 de
454 1999 737 2085 adprehendenda
753 1998 1008 2085 exercendaque
1023 2001 1237 2085 possessione

180 2120 299 2188 lidicto
322 2124 502 2206 canentur,
538 2123 698 2207 religiose
720 2123 962 2186 obseruauerit.
1005 2120 1153 2187 Naeuius
1173 2138 1238 2185 au-

181 2246 263 2324 tem,
296 2261 395 2328 quum
418 2241 553 2308 disertis
581 2242 692 2310 Edicit
720 2244 833 2308 uerbis
854 2244 1032 2309 domincum
1053 2242 1237 2307 detrudere

182 2367 360 2445 ociaretur,
381 2374 491 2430 tamen
511 2360 699 2446 Quinctium
722 2363 764 2430 de
787 2362 940 2448 praedio,
963 2363 1051 2448 quod
1072 2365 1107 2427 in
1128 2361 1238 2429 Gallia

183 2488 285 2568 essct,
306 2487 342 2549 ui
364 2484 581 2552 deiiciendum
604 2488 744 2552 curauit.
793 2482 869 2566 Quo
891 2484 984 2550 facto
1006 2503 1104 2569 quum
1127 2482 1238 2548 lidlctl

183 2610 362 2691 praecepta
389 2607 583 2691 uiolauerit,
614 2625 682 2672 non
703 2604 870 2671 uidebitur
898 2624 942 2670 ex
972 2604 1093 2670 Edicto
1116 2622 1238 2688 posse-

185 2725 278 2808 disse,
299 2728 431 2793 etiamsi
450 2730 590 2793 maxime
606 2726 781 2809 Quinctius
796 2726 1014 2792 uadimonium
1033 2725 1237 2791 deseruisset

186 2866 239 2915 nec
260 2849 390 2914 absens
411 2847 570 2913 defensus
592 2855 694 2915 esset.
736 2865 765 2914 e.
785 2846 838 2912 27.

237 3006 307 3072 Hic
341 3009 395 3071 cst
421 3005 522 3071 index
550 3007 698 3072 iocorum
720 3007 880 3089 omnium,
917 3007 971 3092 qui
993 3004 1036 3071 ad
1058 3003 1237 3071 secundam

186 3128 440 3193 confirmationis
478 3130 605 3210 partem
645 3130 824 3212 pertinent.
881 3125 1092 3191 Admonendl
1128 3129 1237 3190 autem

185 3267 307 3334 murus,
346 3266 386 3314 ea
413 3250 543 3314 ratione
570 3250 723 3336 singulos
750 3250 792 3313 ab
828 3252 961 3314 oratore
991 3249 1165 3332 constitui,
1200 3250 1238 3311 ut

186 3389 275 3454 quum
298 3388 341 3435 ca
361 3374 459 3453 parte
482 3370 650 3454 pollicitus
672 3370 716 3434 sit
738 3387 775 3434 se
797 3370 1023 3454 probaturum,
1051 3388 1094 3434 ex
1116 3367 1238 3434 Edicto

183 3491 341 3557 Naeuium
368 3491 458 3555 bona
484 3488 631 3571 Quinctii
663 3490 836 3574 possidere
864 3509 931 3554 non
958 3493 1124 3576 potuisse,
1157 3507 1238 3575 prae

183 3631 217 3677 se
239 3612 349 3696 t‘erat,
385 3629 646 3697 unumquemque
675 3629 737 3676 sua
767 3614 801 3675 ui
825 3629 866 3677 ac
896 3615 1063 3696 potestate
1085 3611 1238 3676 idoneum

184 3753 276 3814 esse,
300 3753 366 3817 quo
388 3735 514 3797 muneri
530 3737 689 3817 suscepto
704 3731 828 3798 affatim
844 3732 1051 3797 satisfecisse
1066 3732 1239 3798 iudicetur.

244 3901 360 3985 Atque
392 3906 430 3965 nt
463 3900 505 3965 ad
543 3901 677 3989 singula
711 3901 767 3964 illa
801 3903 913 3983 capita
950 3899 1161 3984 accedamus,
1197 3899 1238 3964 de
1256 3899 1335 3998 ,Ὺ
1359 3899 1403 3951 ,s-

182 4025 284 4108 primo
308 4022 389 4086 nihii
423 4024 496 4107 cst,
525 4021 611 4107 quod
634 4026 692 4086 aut
721 4022 933 4106 suppleamus
959 4026 1016 4085 aut
1038 4025 1238 4106 repetamus.

180 4143 312 4209 Etenim
340 4142 382 4207 de
413 4147 555 4229 quatuor
592 4143 657 4208 iilis
685 4141 793 4208 Edisti
832 4142 981 4207 formulis
1013 4143 1236 4226 bonorumque

220 4267 346 4310 unusne,
368 4263 408 4304 isit
429 4264 444 4305 i.
947 4263 986 4324 12
