<?xml version="1.0" encoding="UTF-8"?>
<!DOCTYPE html PUBLIC "-//W3C//DTD XHTML 1.0 Transitional//EN"
    "http://www.w3.org/TR/xhtml1/DTD/xhtml1-transitional.dtd">
<html xmlns="http://www.w3.org/1999/xhtml" xml:lang="en" lang="en">
 <head>
  <title>
</title>
<meta http-equiv="Content-Type" content="text/html;charset=utf-8" />
  <meta name='ocr-system' content='tesseract 3.04.00' />
  <meta name='ocr-capabilities' content='ocr_page ocr_carea ocr_par ocr_line ocrx_word'/>
</head>
<body>
  <div class='ocr_page' id='page_1' title='image "./semestriumadmtu00kellgoog_0476.png"; bbox 0 0 3114 5046; ppageno 0'>
   <div class='ocr_carea' id='block_1_1' title="bbox 344 370 1234 473">
    <p class='ocr_par' dir='ltr' id='par_1_1' title="bbox 344 370 1234 473">
     <span class='ocr_line' id='line_1_1' title="bbox 344 370 1234 473; baseline -0.008 -22"><span class='ocrx_word' id='word_1_1' title='bbox 344 376 408 440; x_wconf 69' lang='lat'><strong>⁴³4</strong></span> <span class='ocrx_word' id='word_1_2' title='bbox 522 371 617 473; x_wconf 82' lang='lat' dir='ltr'><strong>Gap.</strong></span> <span class='ocrx_word' id='word_1_3' title='bbox 646 373 705 448; x_wconf 85' lang='lat'><strong>11.</strong></span> <span class='ocrx_word' id='word_1_4' title='bbox 759 370 820 447; x_wconf 80' lang='lat' dir='ltr'><strong>De</strong></span> <span class='ocrx_word' id='word_1_5' title='bbox 845 376 1037 447; x_wconf 65' lang='grc' dir='ltr'><strong>ιιανίείαίι</strong></span> <span class='ocrx_word' id='word_1_6' title='bbox 1062 374 1234 446; x_wconf 82' lang='lat' dir='ltr'><strong>iectionis</strong></span> 
     </span>
    </p>
   </div>
   <div class='ocr_carea' id='block_1_2' title="bbox 189 568 1396 904">
    <p class='ocr_par' dir='ltr' id='par_1_2' title="bbox 189 568 1396 904">
     <span class='ocr_line' id='line_1_2' title="bbox 189 568 1393 693; baseline -0.005 -53"><span class='ocrx_word' id='word_1_7' title='bbox 189 584 326 681; x_wconf 46' lang='lat'><strong>2⁴:³33:</strong></span> <span class='ocrx_word' id='word_1_8' title='bbox 345 574 524 693; x_wconf 75' lang='lat' dir='ltr'><strong>Postumo,</strong></span> <span class='ocrx_word' id='word_1_9' title='bbox 567 573 604 639; x_wconf 82' lang='lat' dir='ltr'><strong>C·</strong></span> <span class='ocrx_word' id='word_1_10' title='bbox 637 572 777 637; x_wconf 79' lang='lat' dir='ltr'><strong>Rabirio</strong></span> <span class='ocrx_word' id='word_1_11' title='bbox 810 571 1050 655; x_wconf 79' lang='lat' dir='ltr'><strong>perduellionis</strong></span> <span class='ocrx_word' id='word_1_12' title='bbox 1083 589 1166 658; x_wconf 92' lang='lat' dir='ltr'><strong>reo,</strong></span> <span class='ocrx_word' id='word_1_13' title='bbox 1203 568 1246 651; x_wconf 72' lang='grc'><strong>0.</strong></span> <span class='ocrx_word' id='word_1_14' title='bbox 1288 570 1393 639; x_wconf 79' lang='lat' dir='ltr'><strong>Rosci</strong></span> 
     </span>
     <span class='ocr_line' id='line_1_3' title="bbox 345 691 523 763; baseline -0.028 0"><span class='ocrx_word' id='word_1_15' title='bbox 345 691 523 763; x_wconf 81' lang='lat' dir='ltr'><strong>Comoedo.</strong></span> 
     </span>
     <span class='ocr_line' id='line_1_4' title="bbox 406 813 1396 904; baseline -0.003 -22"><span class='ocrx_word' id='word_1_16' title='bbox 406 816 491 883; x_wconf 87' lang='lat' dir='ltr'><strong>Post</strong></span> <span class='ocrx_word' id='word_1_17' title='bbox 523 816 611 883; x_wconf 90' lang='lat' dir='ltr'><strong>huuc</strong></span> <span class='ocrx_word' id='word_1_18' title='bbox 649 813 796 882; x_wconf 86' lang='lat' dir='ltr'><strong>indicem</strong></span> <span class='ocrx_word' id='word_1_19' title='bbox 831 818 865 880; x_wconf 89' lang='lat' dir='ltr'><strong>lu</strong></span> <span class='ocrx_word' id='word_1_20' title='bbox 904 817 1064 881; x_wconf 90' lang='lat' dir='ltr'><strong>interiore</strong></span> <span class='ocrx_word' id='word_1_21' title='bbox 1097 817 1194 899; x_wconf 84' lang='lat' dir='ltr'><strong>parte</strong></span> <span class='ocrx_word' id='word_1_22' title='bbox 1228 817 1396 904; x_wconf 72' lang='lat' dir='ltr'><strong>tegument</strong></span> 
     </span>
    </p>
   </div>
   <div class='ocr_carea' id='block_1_3' title="bbox 342 939 1396 1139">
    <p class='ocr_par' dir='ltr' id='par_1_3' title="bbox 342 939 1396 1139">
     <span class='ocr_line' id='line_1_5' title="bbox 342 939 696 1025; baseline -0.011 -20"><span class='ocrx_word' id='word_1_23' title='bbox 342 940 503 1025; x_wconf 83' lang='lat' dir='ltr'><strong>seriptum</strong></span> <span class='ocrx_word' id='word_1_24' title='bbox 523 939 696 1022; x_wconf 84' lang='lat' dir='ltr'><strong>sequitur:</strong></span> 
     </span>
     <span class='ocr_line' id='line_1_6' title="bbox 408 1050 1396 1139; baseline -0.003 -21"><span class='ocrx_word' id='word_1_25' title='bbox 408 1055 498 1118; x_wconf 78' lang='lat' dir='ltr'><strong>«Hae</strong></span> <span class='ocrx_word' id='word_1_26' title='bbox 525 1053 690 1117; x_wconf 81' lang='lat' dir='ltr'><strong>Ciceronis</strong></span> <span class='ocrx_word' id='word_1_27' title='bbox 718 1054 879 1117; x_wconf 88' lang='lat' dir='ltr'><strong>orationes</strong></span> <span class='ocrx_word' id='word_1_28' title='bbox 906 1050 1078 1139; x_wconf 83' lang='lat' dir='ltr'>diligenter</span> <span class='ocrx_word' id='word_1_29' title='bbox 1103 1052 1307 1139; x_wconf 77' lang='lat' dir='ltr'><strong>conscriptae</strong></span> <span class='ocrx_word' id='word_1_30' title='bbox 1336 1052 1396 1115; x_wconf 83' lang='lat' dir='ltr'><strong>exti</strong></span> 
     </span>
    </p>
   </div>
   <div class='ocr_carea' id='block_1_4' title="bbox 405 1172 1396 1869">
    <p class='ocr_par' dir='ltr' id='par_1_4' title="bbox 405 1172 1396 1869">
     <span class='ocr_line' id='line_1_7' title="bbox 408 1172 1396 1262; baseline -0.004 -23"><span class='ocrx_word' id='word_1_31' title='bbox 408 1190 544 1239; x_wconf 84' lang='lat' dir='ltr'><strong>«terunt</strong></span> <span class='ocrx_word' id='word_1_32' title='bbox 578 1176 718 1262; x_wconf 84' lang='lat' dir='ltr'><strong>primunr</strong></span> <span class='ocrx_word' id='word_1_33' title='bbox 755 1174 864 1239; x_wconf 89' lang='lat' dir='ltr'><strong>Iaeohi</strong></span> <span class='ocrx_word' id='word_1_34' title='bbox 898 1172 1091 1254; x_wconf 89' lang='lat' dir='ltr'><strong>Corhinelii,</strong></span> <span class='ocrx_word' id='word_1_35' title='bbox 1134 1194 1212 1237; x_wconf 82' lang='lat' dir='ltr'><strong>mox</strong></span> <span class='ocrx_word' id='word_1_36' title='bbox 1250 1173 1396 1237; x_wconf 82' lang='lat' dir='ltr'><strong>Vincenti</strong></span> 
     </span>
     <span class='ocr_line' id='line_1_8' title="bbox 407 1293 1396 1378; baseline -0.005 -16"><span class='ocrx_word' id='word_1_37' title='bbox 407 1326 420 1351; x_wconf 77' lang='grc' dir='ltr'>ι</span> <span class='ocrx_word' id='word_1_38' title='bbox 432 1296 565 1378; x_wconf 90' lang='lat' dir='ltr'><strong>Pinelli,</strong></span> <span class='ocrx_word' id='word_1_39' title='bbox 585 1319 604 1360; x_wconf 89' lang='lat' dir='ltr'><strong>a</strong></span> <span class='ocrx_word' id='word_1_40' title='bbox 625 1296 717 1360; x_wconf 87' lang='lat' dir='ltr'><strong>euius</strong></span> <span class='ocrx_word' id='word_1_41' title='bbox 738 1295 912 1359; x_wconf 88' lang='lat' dir='ltr'><strong>heredibus</strong></span> <span class='ocrx_word' id='word_1_42' title='bbox 932 1309 1001 1357; x_wconf 89' lang='lat' dir='ltr'><strong>tota</strong></span> <span class='ocrx_word' id='word_1_43' title='bbox 1022 1294 1092 1357; x_wconf 90' lang='lat' dir='ltr'><strong>eius</strong></span> <span class='ocrx_word' id='word_1_44' title='bbox 1113 1293 1314 1359; x_wconf 82' lang='lat' dir='ltr'><strong>bibliotheca</strong></span> <span class='ocrx_word' id='word_1_45' title='bbox 1330 1296 1396 1359; x_wconf 79' lang='lat' dir='ltr'><strong>Nea</strong></span> 
     </span>
     <span class='ocr_line' id='line_1_9' title="bbox 406 1416 1396 1505; baseline 0 -24"><span class='ocrx_word' id='word_1_46' title='bbox 406 1416 499 1505; x_wconf 74' lang='lat' dir='ltr'><strong>«poli</strong></span> <span class='ocrx_word' id='word_1_47' title='bbox 528 1432 635 1505; x_wconf 88' lang='lat' dir='ltr'><strong>empta</strong></span> <span class='ocrx_word' id='word_1_48' title='bbox 662 1417 725 1480; x_wconf 87' lang='lat' dir='ltr'><strong>fuit</strong></span> <span class='ocrx_word' id='word_1_49' title='bbox 751 1439 837 1480; x_wconf 91' lang='lat' dir='ltr'><strong>anno</strong></span> <span class='ocrx_word' id='word_1_50' title='bbox 867 1418 957 1482; x_wconf 82' lang='lat'><strong>1609.</strong></span> <span class='ocrx_word' id='word_1_51' title='bbox 986 1417 1075 1481; x_wconf 86' lang='lat' dir='ltr'><strong>iussu</strong></span> <span class='ocrx_word' id='word_1_52' title='bbox 1104 1416 1317 1481; x_wconf 88' lang='lat' dir='ltr'><strong>Illustrissimi</strong></span> <span class='ocrx_word' id='word_1_53' title='bbox 1339 1417 1396 1481; x_wconf 86' lang='lat' dir='ltr'><strong>Car</strong></span> 
     </span>
     <span class='ocr_line' id='line_1_10' title="bbox 407 1536 1396 1621; baseline 0 -20"><span class='ocrx_word' id='word_1_54' title='bbox 407 1570 420 1593; x_wconf 84' lang='lat'>«</span> <span class='ocrx_word' id='word_1_55' title='bbox 433 1538 547 1603; x_wconf 86' lang='lat' dir='ltr'><strong>dinalis</strong></span> <span class='ocrx_word' id='word_1_56' title='bbox 568 1538 713 1605; x_wconf 88' lang='lat' dir='ltr'><strong>Federici</strong></span> <span class='ocrx_word' id='word_1_57' title='bbox 735 1537 961 1621; x_wconf 90' lang='lat' dir='ltr'><strong>Borrhomaei,</strong></span> <span class='ocrx_word' id='word_1_58' title='bbox 983 1538 1215 1603; x_wconf 85' lang='lat' dir='ltr'><strong>Ambrosianae</strong></span> <span class='ocrx_word' id='word_1_59' title='bbox 1235 1536 1396 1602; x_wconf 89' lang='lat' dir='ltr'><strong>hihliothe</strong></span> 
     </span>
     <span class='ocr_line' id='line_1_11' title="bbox 406 1642 1396 1747; baseline -0.002 -22"><span class='ocrx_word' id='word_1_60' title='bbox 406 1683 485 1725; x_wconf 67' lang='lat' dir='ltr'><strong>«cae</strong></span> <span class='ocrx_word' id='word_1_61' title='bbox 506 1660 696 1725; x_wconf 85' lang='lat' dir='ltr'><strong>fundatoris.</strong></span> <span class='ocrx_word' id='word_1_62' title='bbox 752 1660 913 1725; x_wconf 90' lang='lat' dir='ltr'><strong>Antonius</strong></span> <span class='ocrx_word' id='word_1_63' title='bbox 933 1660 1089 1747; x_wconf 84' lang='lat' dir='ltr'><strong>Olgiatus,</strong></span> <span class='ocrx_word' id='word_1_64' title='bbox 1102 1642 1105 1647; x_wconf 31' lang='lat'>¹</span> <span class='ocrx_word' id='word_1_65' title='bbox 1119 1657 1265 1723; x_wconf 89' lang='lat' dir='ltr'><strong>eiusdem</strong></span> <span class='ocrx_word' id='word_1_66' title='bbox 1294 1658 1396 1723; x_wconf 89' lang='lat' dir='ltr'><strong>hiblio</strong></span> 
     </span>
     <span class='ocr_line' id='line_1_12' title="bbox 405 1781 941 1869; baseline 0 -23"><span class='ocrx_word' id='word_1_67' title='bbox 405 1781 539 1846; x_wconf 78' lang='lat' dir='ltr'><strong>«thecae</strong></span> <span class='ocrx_word' id='word_1_68' title='bbox 560 1781 760 1864; x_wconf 82' lang='lat' dir='ltr'><strong>Praefectus,</strong></span> <span class='ocrx_word' id='word_1_69' title='bbox 781 1782 916 1869; x_wconf 87' lang='lat' dir='ltr'><strong>scripsit.</strong></span> <span class='ocrx_word' id='word_1_70' title='bbox 928 1813 941 1837; x_wconf 75' lang='grc' dir='ltr'>ι</span> 
     </span>
    </p>
   </div>
   <div class='ocr_carea' id='block_1_5' title="bbox 338 1904 1396 2238">
    <p class='ocr_par' dir='ltr' id='par_1_5' title="bbox 338 1904 1396 2238">
     <span class='ocr_line' id='line_1_13' title="bbox 402 1904 1396 1995; baseline -0.003 -18"><span class='ocrx_word' id='word_1_71' title='bbox 402 1906 519 1978; x_wconf 80' lang='lat' dir='ltr'><strong>Codex</strong></span> <span class='ocrx_word' id='word_1_72' title='bbox 549 1908 691 1995; x_wconf 85' lang='lat' dir='ltr'><strong>nitidus,</strong></span> <span class='ocrx_word' id='word_1_73' title='bbox 726 1910 785 1976; x_wconf 89' lang='lat' dir='ltr'><strong>iol.</strong></span> <span class='ocrx_word' id='word_1_74' title='bbox 808 1911 901 1992; x_wconf 84' lang='lat' dir='ltr'><strong>min,</strong></span> <span class='ocrx_word' id='word_1_75' title='bbox 938 1909 1122 1975; x_wconf 80' lang='lat' dir='ltr'><strong>initialibus</strong></span> <span class='ocrx_word' id='word_1_76' title='bbox 1157 1910 1277 1995; x_wconf 83' lang='lat' dir='ltr'><strong>pletis,</strong></span> <span class='ocrx_word' id='word_1_77' title='bbox 1319 1904 1396 1975; x_wconf 84' lang='lat' dir='ltr'><strong>Sao·</strong></span> 
     </span>
     <span class='ocr_line' id='line_1_14' title="bbox 338 2030 503 2097; baseline -0.006 0"><span class='ocrx_word' id='word_1_78' title='bbox 338 2032 405 2097; x_wconf 91' lang='lat' dir='ltr'><strong>euii</strong></span> <span class='ocrx_word' id='word_1_79' title='bbox 426 2030 503 2097; x_wconf 86' lang='lat' dir='ltr'><strong>XV.</strong></span> 
     </span>
     <span class='ocr_line' id='line_1_15' title="bbox 399 2152 726 2238; baseline 0 -20"><span class='ocrx_word' id='word_1_80' title='bbox 399 2152 520 2218; x_wconf 85' lang='lat' dir='ltr'><strong>Nolam</strong></span> <span class='ocrx_word' id='word_1_81' title='bbox 544 2152 638 2218; x_wconf 86' lang='lat' dir='ltr'><strong>dedi:</strong></span> <span class='ocrx_word' id='word_1_82' title='bbox 660 2153 726 2238; x_wconf 82' lang='lat' dir='ltr'><strong>Ap.</strong></span> 
     </span>
    </p>
   </div>
   <div class='ocr_carea' id='block_1_6' title="bbox 335 2367 1396 3193">
    <p class='ocr_par' dir='ltr' id='par_1_6' title="bbox 335 2367 1396 3193">
     <span class='ocr_line' id='line_1_16' title="bbox 400 2367 1396 2463; baseline -0.003 -22"><span class='ocrx_word' id='word_1_83' title='bbox 400 2376 528 2463; x_wconf 84' lang='lat' dir='ltr'><strong>Alteri,</strong></span> <span class='ocrx_word' id='word_1_84' title='bbox 549 2376 729 2443; x_wconf 87' lang='lat' dir='ltr'><strong>ebartaeeo</strong></span> <span class='ocrx_word' id='word_1_85' title='bbox 759 2367 821 2457; x_wconf 79' lang='lat' dir='ltr'><strong>[C.</strong></span> <span class='ocrx_word' id='word_1_86' title='bbox 844 2367 956 2462; x_wconf 55' lang='grc' dir='ltr'><strong>Μ),</strong></span> <span class='ocrx_word' id='word_1_87' title='bbox 985 2371 1131 2442; x_wconf 84' lang='lat' dir='ltr'><strong>Saeculo</strong></span> <span class='ocrx_word' id='word_1_88' title='bbox 1160 2373 1238 2441; x_wconf 86' lang='lat' dir='ltr'><strong>XV.</strong></span> <span class='ocrx_word' id='word_1_89' title='bbox 1263 2377 1396 2460; x_wconf 81' lang='lat' dir='ltr'><strong>scripio,</strong></span> 
     </span>
     <span class='ocr_line' id='line_1_17' title="bbox 336 2493 1394 2583; baseline 0 -22"><span class='ocrx_word' id='word_1_90' title='bbox 336 2500 450 2564; x_wconf 87' lang='lat' dir='ltr'><strong>insunt</strong></span> <span class='ocrx_word' id='word_1_91' title='bbox 472 2500 506 2564; x_wconf 93' lang='lat' dir='ltr'><strong>in</strong></span> <span class='ocrx_word' id='word_1_92' title='bbox 527 2493 704 2565; x_wconf 80' lang='lat' dir='ltr'><strong>Catilinam</strong></span> <span class='ocrx_word' id='word_1_93' title='bbox 727 2503 870 2583; x_wconf 87' lang='lat' dir='ltr'><strong>quatuor</strong></span> <span class='ocrx_word' id='word_1_94' title='bbox 891 2499 1080 2581; x_wconf 88' lang='lat' dir='ltr'><strong>orationes,</strong></span> <span class='ocrx_word' id='word_1_95' title='bbox 1108 2498 1143 2561; x_wconf 91' lang='lat' dir='ltr'><strong>in</strong></span> <span class='ocrx_word' id='word_1_96' title='bbox 1165 2496 1303 2561; x_wconf 81' lang='lat' dir='ltr'><strong>Rullum</strong></span> <span class='ocrx_word' id='word_1_97' title='bbox 1325 2502 1394 2575; x_wconf 83' lang='lat' dir='ltr'><strong>ires,</strong></span> 
     </span>
     <span class='ocr_line' id='line_1_18' title="bbox 336 2617 1393 2707; baseline -0.004 -24"><span class='ocrx_word' id='word_1_98' title='bbox 336 2622 371 2685; x_wconf 93' lang='lat' dir='ltr'><strong>in</strong></span> <span class='ocrx_word' id='word_1_99' title='bbox 393 2619 567 2707; x_wconf 80' lang='lat' dir='ltr'><strong>Pisonem,</strong></span> <span class='ocrx_word' id='word_1_100' title='bbox 600 2620 790 2705; x_wconf 82' lang='lat' dir='ltr'><strong>Antequam</strong></span> <span class='ocrx_word' id='word_1_101' title='bbox 813 2622 876 2685; x_wconf 92' lang='lat' dir='ltr'><strong>iret</strong></span> <span class='ocrx_word' id='word_1_102' title='bbox 904 2622 937 2683; x_wconf 92' lang='lat' dir='ltr'><strong>in</strong></span> <span class='ocrx_word' id='word_1_103' title='bbox 966 2620 1117 2703; x_wconf 86' lang='lat' dir='ltr'><strong>exilium,</strong></span> <span class='ocrx_word' id='word_1_104' title='bbox 1150 2617 1235 2683; x_wconf 89' lang='lat' dir='ltr'><strong>Post</strong></span> <span class='ocrx_word' id='word_1_105' title='bbox 1265 2617 1393 2685; x_wconf 81' lang='lat' dir='ltr'><strong>reditum</strong></span> 
     </span>
     <span class='ocr_line' id='line_1_19' title="bbox 336 2736 1391 2826; baseline -0.005 -21"><span class='ocrx_word' id='word_1_106' title='bbox 336 2745 370 2807; x_wconf 92' lang='lat' dir='ltr'><strong>in</strong></span> <span class='ocrx_word' id='word_1_107' title='bbox 392 2738 522 2808; x_wconf 87' lang='lat' dir='ltr'><strong>Senatu</strong></span> <span class='ocrx_word' id='word_1_108' title='bbox 545 2740 643 2807; x_wconf 87' lang='lat' dir='ltr'><strong>etad</strong></span> <span class='ocrx_word' id='word_1_109' title='bbox 667 2739 833 2826; x_wconf 78' lang='lat' dir='ltr'><strong>Quirites,</strong></span> <span class='ocrx_word' id='word_1_110' title='bbox 862 2736 1016 2807; x_wconf 87' lang='lat' dir='ltr'><strong>Sallustii</strong></span> <span class='ocrx_word' id='word_1_111' title='bbox 1038 2742 1185 2804; x_wconf 89' lang='lat' dir='ltr'><strong>inueeiio</strong></span> <span class='ocrx_word' id='word_1_112' title='bbox 1208 2741 1243 2804; x_wconf 89' lang='lat' dir='ltr'><strong>in</strong></span> <span class='ocrx_word' id='word_1_113' title='bbox 1266 2736 1391 2806; x_wconf 81' lang='lat' dir='ltr'><strong>Cicero·</strong></span> 
     </span>
     <span class='ocr_line' id='line_1_20' title="bbox 337 2856 1389 2949; baseline -0.008 -21"><span class='ocrx_word' id='word_1_114' title='bbox 337 2883 410 2928; x_wconf 92' lang='lat' dir='ltr'><strong>nem</strong></span> <span class='ocrx_word' id='word_1_115' title='bbox 433 2872 466 2928; x_wconf 91' lang='lat' dir='ltr'><strong>et</strong></span> <span class='ocrx_word' id='word_1_116' title='bbox 489 2864 662 2929; x_wconf 80' lang='lat' dir='ltr'><strong>Ciceronis</strong></span> <span class='ocrx_word' id='word_1_117' title='bbox 683 2865 717 2926; x_wconf 91' lang='lat' dir='ltr'><strong>in</strong></span> <span class='ocrx_word' id='word_1_118' title='bbox 738 2859 951 2949; x_wconf 88' lang='lat' dir='ltr'><strong>Sallustium,</strong></span> <span class='ocrx_word' id='word_1_119' title='bbox 975 2882 1035 2948; x_wconf 86' lang='lat' dir='ltr'><strong>pro</strong></span> <span class='ocrx_word' id='word_1_120' title='bbox 1058 2862 1213 2947; x_wconf 90' lang='lat' dir='ltr'><strong>Plancio,</strong></span> <span class='ocrx_word' id='word_1_121' title='bbox 1237 2880 1300 2945; x_wconf 81' lang='lat' dir='ltr'><strong>pro</strong></span> <span class='ocrx_word' id='word_1_122' title='bbox 1319 2856 1389 2944; x_wconf 76' lang='lat' dir='ltr'><strong>Syl·</strong></span> 
     </span>
     <span class='ocr_line' id='line_1_21' title="bbox 335 2979 1387 3068; baseline -0.007 -20"><span class='ocrx_word' id='word_1_123' title='bbox 335 2986 385 3064; x_wconf 88' lang='lat' dir='ltr'><strong>lo,</strong></span> <span class='ocrx_word' id='word_1_124' title='bbox 415 3003 476 3068; x_wconf 83' lang='lat' dir='ltr'><strong>pro</strong></span> <span class='ocrx_word' id='word_1_125' title='bbox 505 2979 638 3068; x_wconf 82' lang='lat' dir='ltr'><strong>Caelio,</strong></span> <span class='ocrx_word' id='word_1_126' title='bbox 673 2985 706 3048; x_wconf 92' lang='lat' dir='ltr'><strong>in</strong></span> <span class='ocrx_word' id='word_1_127' title='bbox 729 2983 914 3067; x_wconf 86' lang='lat' dir='ltr'><strong>Vatinium,</strong></span> <span class='ocrx_word' id='word_1_128' title='bbox 944 3003 1004 3067; x_wconf 85' lang='lat' dir='ltr'><strong>pro</strong></span> <span class='ocrx_word' id='word_1_129' title='bbox 1034 2983 1180 3068; x_wconf 88' lang='lat' dir='ltr'><strong>Archia,</strong></span> <span class='ocrx_word' id='word_1_130' title='bbox 1211 3002 1275 3067; x_wconf 85' lang='lat' dir='ltr'><strong>pro</strong></span> <span class='ocrx_word' id='word_1_131' title='bbox 1304 2980 1387 3047; x_wconf 85' lang='lat' dir='ltr'><strong>lilar-</strong></span> 
     </span>
     <span class='ocr_line' id='line_1_22' title="bbox 335 3100 1381 3193; baseline -0.009 -23"><span class='ocrx_word' id='word_1_132' title='bbox 335 3106 440 3187; x_wconf 85' lang='lat' dir='ltr'><strong>eelio,</strong></span> <span class='ocrx_word' id='word_1_133' title='bbox 485 3123 544 3188; x_wconf 86' lang='lat' dir='ltr'><strong>pro</strong></span> <span class='ocrx_word' id='word_1_134' title='bbox 573 3106 728 3193; x_wconf 79' lang='lat' dir='ltr'><strong>Ligario,</strong></span> <span class='ocrx_word' id='word_1_135' title='bbox 762 3124 823 3189; x_wconf 86' lang='lat' dir='ltr'><strong>pro</strong></span> <span class='ocrx_word' id='word_1_136' title='bbox 851 3100 1014 3190; x_wconf 81' lang='lat' dir='ltr'><strong>Caecina,</strong></span> <span class='ocrx_word' id='word_1_137' title='bbox 1053 3104 1192 3170; x_wconf 83' lang='lat' dir='ltr'><strong>Rabirio</strong></span> <span class='ocrx_word' id='word_1_138' title='bbox 1225 3103 1381 3175; x_wconf 73' lang='lat' dir='ltr'><strong>Postumo,</strong></span> 
     </span>
    </p>
   </div>
   <div class='ocr_carea' id='block_1_7' title="bbox 335 3223 1186 3432">
    <p class='ocr_par' dir='ltr' id='par_1_7' title="bbox 335 3223 1186 3432">
     <span class='ocr_line' id='line_1_23' title="bbox 335 3223 1186 3311; baseline -0.002 -18"><span class='ocrx_word' id='word_1_139' title='bbox 335 3226 474 3293; x_wconf 89' lang='lat' dir='ltr'><strong>Rabirio</strong></span> <span class='ocrx_word' id='word_1_140' title='bbox 497 3226 737 3311; x_wconf 82' lang='lat' dir='ltr'><strong>perduellionis</strong></span> <span class='ocrx_word' id='word_1_141' title='bbox 758 3246 835 3309; x_wconf 92' lang='lat' dir='ltr'><strong>reo,</strong></span> <span class='ocrx_word' id='word_1_142' title='bbox 857 3226 983 3293; x_wconf 88' lang='lat' dir='ltr'><strong>Roscio</strong></span> <span class='ocrx_word' id='word_1_143' title='bbox 1006 3223 1186 3294; x_wconf 84' lang='lat' dir='ltr'><strong>Comoedo.</strong></span> 
     </span>
     <span class='ocr_line' id='line_1_24' title="bbox 398 3347 592 3432; baseline -0.005 -20"><span class='ocrx_word' id='word_1_144' title='bbox 398 3347 501 3412; x_wconf 89' lang='lat' dir='ltr'><strong>Nota:</strong></span> <span class='ocrx_word' id='word_1_145' title='bbox 525 3347 592 3432; x_wconf 85' lang='lat' dir='ltr'><strong>Aq.</strong></span> 
     </span>
    </p>
   </div>
   <div class='ocr_carea' id='block_1_8' title="bbox 331 3594 1396 4166">
    <p class='ocr_par' dir='ltr' id='par_1_8' title="bbox 331 3594 1389 4051">
     <span class='ocr_line' id='line_1_25' title="bbox 397 3594 1380 3687; baseline -0.002 -20"><span class='ocrx_word' id='word_1_146' title='bbox 397 3600 540 3667; x_wconf 80' lang='lat' dir='ltr'><strong>codices</strong></span> <span class='ocrx_word' id='word_1_147' title='bbox 561 3600 626 3665; x_wconf 92' lang='lat' dir='ltr'><strong>duo</strong></span> <span class='ocrx_word' id='word_1_148' title='bbox 655 3604 911 3686; x_wconf 86' lang='lat' dir='ltr'><strong>membranacei,</strong></span> <span class='ocrx_word' id='word_1_149' title='bbox 940 3604 995 3687; x_wconf 82' lang='lat' dir='ltr'><strong>qui</strong></span> <span class='ocrx_word' id='word_1_150' title='bbox 1024 3604 1058 3665; x_wconf 88' lang='lat' dir='ltr'><strong>in</strong></span> <span class='ocrx_word' id='word_1_151' title='bbox 1081 3599 1289 3667; x_wconf 83' lang='lat' dir='ltr'><strong>bibliotheca</strong></span> <span class='ocrx_word' id='word_1_152' title='bbox 1307 3594 1380 3683; x_wconf 72' lang='lat' dir='ltr'><strong>regi·</strong></span> 
     </span>
     <span class='ocr_line' id='line_1_26' title="bbox 333 3719 1386 3809; baseline -0.009 -20"><span class='ocrx_word' id='word_1_153' title='bbox 333 3722 534 3789; x_wconf 86' lang='lat' dir='ltr'><strong>Monoecusi</strong></span> <span class='ocrx_word' id='word_1_154' title='bbox 570 3727 769 3809; x_wconf 84' lang='lat' dir='ltr'><strong>seruantur3</strong></span> <span class='ocrx_word' id='word_1_155' title='bbox 813 3719 960 3791; x_wconf 89' lang='lat' dir='ltr'><strong>Saeculo</strong></span> <span class='ocrx_word' id='word_1_156' title='bbox 1003 3721 1079 3787; x_wconf 88' lang='lat' dir='ltr'><strong>XV.</strong></span> <span class='ocrx_word' id='word_1_157' title='bbox 1116 3724 1273 3809; x_wconf 83' lang='lat' dir='ltr'><strong>exarati3</strong></span> <span class='ocrx_word' id='word_1_158' title='bbox 1319 3730 1386 3805; x_wconf 85' lang='lat' dir='ltr'><strong>quos</strong></span> 
     </span>
     <span class='ocr_line' id='line_1_27' title="bbox 331 3834 1389 3932; baseline -0.006 -21"><span class='ocrx_word' id='word_1_159' title='bbox 331 3846 522 3911; x_wconf 85' lang='lat' dir='ltr'><strong>accuratius</strong></span> <span class='ocrx_word' id='word_1_160' title='bbox 555 3844 734 3929; x_wconf 83' lang='lat' dir='ltr'><strong>descripsit</strong></span> <span class='ocrx_word' id='word_1_161' title='bbox 771 3843 973 3913; x_wconf 81' lang='lat' dir='ltr'><strong>Wunderns</strong></span> <span class='ocrx_word' id='word_1_162' title='bbox 1006 3847 1040 3908; x_wconf 90' lang='lat' dir='ltr'><strong>in</strong></span> <span class='ocrx_word' id='word_1_163' title='bbox 1071 3842 1329 3932; x_wconf 79' lang='lat' dir='ltr'><strong>Prolegomenis</strong></span> <span class='ocrx_word' id='word_1_164' title='bbox 1354 3834 1389 3905; x_wconf 82' lang='lat' dir='ltr'><strong>oi</strong></span> 
     </span>
     <span class='ocr_line' id='line_1_28' title="bbox 331 3960 1346 4051; baseline -0.001 -21"><span class='ocrx_word' id='word_1_165' title='bbox 331 3960 568 4031; x_wconf 79' lang='lat' dir='ltr'><strong>Plancianum</strong></span> <span class='ocrx_word' id='word_1_166' title='bbox 590 3984 622 4049; x_wconf 79' lang='lat' dir='ltr'><strong>p·</strong></span> <span class='ocrx_word' id='word_1_167' title='bbox 639 3966 700 4051; x_wconf 87' lang='lat' dir='ltr'><strong>ll.,</strong></span> <span class='ocrx_word' id='word_1_168' title='bbox 727 3969 881 4051; x_wconf 86' lang='lat' dir='ltr'><strong>notisque</strong></span> <span class='ocrx_word' id='word_1_169' title='bbox 903 3966 975 4031; x_wconf 89' lang='lat' dir='ltr'><strong>Ma.</strong></span> <span class='ocrx_word' id='word_1_170' title='bbox 1011 3971 1045 4030; x_wconf 89' lang='lat' dir='ltr'><strong>et</strong></span> <span class='ocrx_word' id='word_1_171' title='bbox 1073 3964 1148 4030; x_wconf 90' lang='lat' dir='ltr'><strong>Mb.</strong></span> <span class='ocrx_word' id='word_1_172' title='bbox 1181 3964 1346 4030; x_wconf 84' lang='lat' dir='ltr'><strong>distinxit.</strong></span> 
     </span>
    </p>

    <p class='ocr_par' dir='ltr' id='par_1_9' title="bbox 394 4082 1396 4166">
     <span class='ocr_line' id='line_1_29' title="bbox 394 4082 1396 4166; baseline 0.003 -16"><span class='ocrx_word' id='word_1_173' title='bbox 394 4085 509 4166; x_wconf 91' lang='lat' dir='ltr'><strong>Prior,</strong></span> <span class='ocrx_word' id='word_1_174' title='bbox 531 4086 601 4151; x_wconf 88' lang='lat' dir='ltr'><strong>Ms.</strong></span> <span class='ocrx_word' id='word_1_175' title='bbox 623 4088 698 4152; x_wconf 86' lang='lat' dir='ltr'><strong>hat.</strong></span> <span class='ocrx_word' id='word_1_176' title='bbox 724 4085 777 4146; x_wconf 86' lang='lat'><strong>68.</strong></span> <span class='ocrx_word' id='word_1_177' title='bbox 804 4107 869 4153; x_wconf 69' lang='lat' dir='ltr'><strong>«ex</strong></span> <span class='ocrx_word' id='word_1_178' title='bbox 894 4086 1077 4152; x_wconf 83' lang='lat' dir='ltr'><strong>lileeiorali</strong></span> <span class='ocrx_word' id='word_1_179' title='bbox 1101 4085 1312 4155; x_wconf 81' lang='lat' dir='ltr'><strong>bibliotheca</strong></span> <span class='ocrx_word' id='word_1_180' title='bbox 1335 4082 1396 4154; x_wconf 82' lang='lat' dir='ltr'><strong>St-</strong></span> 
     </span>
    </p>
   </div>
   <div class='ocr_carea' id='block_1_9' title="bbox 329 4207 1025 4292">
    <p class='ocr_par' dir='ltr' id='par_1_10' title="bbox 329 4207 1025 4292">
     <span class='ocr_line' id='line_1_30' title="bbox 329 4207 1025 4292; baseline 0.001 -22"><span class='ocrx_word' id='word_1_181' title='bbox 329 4207 447 4272; x_wconf 81' lang='lat' dir='ltr'><strong>reniss</strong></span> <span class='ocrx_word' id='word_1_182' title='bbox 474 4207 646 4292; x_wconf 79' lang='lat' dir='ltr'><strong>utriusque</strong></span> <span class='ocrx_word' id='word_1_183' title='bbox 669 4208 834 4275; x_wconf 87' lang='lat' dir='ltr'><strong>Bauoriae</strong></span> <span class='ocrx_word' id='word_1_184' title='bbox 857 4208 1025 4277; x_wconf 67' lang='lat' dir='ltr'><strong>uocum».</strong></span> 
     </span>
    </p>
   </div>
   <div class='ocr_carea' id='block_1_10' title="bbox 0 0 1562 5046">
    <p class='ocr_par' dir='ltr' id='par_1_11' title="bbox 0 0 1562 5046">
     <span class='ocr_line' id='line_1_31' title="bbox 0 0 1562 5046; baseline 0 3"><span class='ocrx_word' id='word_1_185' title='bbox 0 0 1562 5046; x_wconf 95' lang='lat' dir='ltr'><strong> </strong></span> 
     </span>
    </p>
   </div>
  </div>
 </body>
</html>
