3114 5046
459 400 521 462 546
581 396 675 499 Cap.
705 399 739 472 1.
792 396 964 473 Daiara
991 420 1152 472 caussae
1181 397 1400 475 Tullianae.

335 590 416 685 22⁰¹„ss
456 587 689 676 pseudoepium
710 605 751 652 ea
772 588 861 652 aetio
884 588 972 653 intra
994 605 1116 652 annum
1138 587 1299 675 dabatur,
1329 594 1451 656 omissa
1467 592 1513 655 iiia

313 715 335 741 ¹·
371 716 421 742 ‘¹¹¹³'
454 706 638 794 mortifestt
660 712 693 772 et
715 726 779 773 uec
800 707 982 793 manifesti
1004 708 1117 776 delicti
1139 710 1370 797 distinetione,
1392 713 1515 779 intorti

454 836 642 901 actionibus
664 828 830 906 usitata7).

517 957 589 1023 Nee
615 960 727 1022 tamen
754 957 843 1019 intra
871 951 1048 1039 sturionem
1079 973 1190 1042 genus
1217 973 1259 1020 ea
1287 957 1382 1023 aetio
1405 955 1515 1023 Edicto

453 1078 661 1164 formulaque
683 1077 936 1158 continebatur,
964 1074 1041 1158 sed,
1070 1096 1166 1160 quum
1190 1080 1257 1141 tam
1278 1095 1319 1143 re
1342 1097 1441 1163 quam
1462 1098 1515 1142 no-

452 1201 539 1265 mine
561 1198 605 1264 ad
627 1200 717 1265 douo
734 1203 863 1287 rapto,
885 1197 949 1263 hoo
972 1200 1041 1286 est,
1064 1198 1112 1262 ad
1131 1195 1233 1281 finio
1254 1204 1353 1264 certo
1379 1201 1516 1287 pnodooo

452 1321 553 1385 modo
574 1324 781 1407 perpetrato
803 1320 999 1407 spectabat,
1025 1320 1120 1385 simul
1144 1321 1243 1384 etiam
1265 1318 1411 1400 damna,
1446 1338 1516 1408 qnae

453 1439 496 1506 ad
518 1442 627 1529 legem
643 1440 811 1526 Aquiliam
833 1460 961 1530 genere
982 1461 1043 1507 suo
1063 1444 1252 1527 pertinent,
1273 1444 1306 1507 si
1328 1443 1452 1509 eodem
1472 1443 1516 1507 ilio

452 1560 550 1626 modo
573 1560 654 1627 data
676 1566 809 1649 essent,
831 1564 864 1627 ui
887 1568 1006 1628 suaet
1028 1563 1150 1629 effectu
1169 1564 1423 1650 uerborumque
1445 1583 1517 1631 eoo-

453 1685 609 1768 oeptione
632 1680 990 1768 comprehendebat⁸):
1013 1702 1206 1770 quamquam
1228 1688 1371 1769 praeter
1388 1686 1517 1751 nominis

453 1805 592 1870 sormam
615 1809 753 1871 caetera
775 1804 906 1892 quoque
927 1808 1073 1894 uestigia
1095 1825 1159 1870 nos
1179 1824 1221 1870 eo
1244 1804 1379 1872 ducunt
1403 1809 1513 1887 omnia,

453 1930 490 1992 ut
512 1927 757 2015 intelligamus,
778 1926 831 1993 his
860 1929 923 1992 iam
946 1928 1151 2012 temporibus
1173 1945 1244 1992 eam
1266 1930 1441 1995 actionem
1462 1934 1514 1994 tao

453 2051 487 2114 in
510 2049 703 2115 iudiciorum
725 2048 971 2132 disceptatione
986 2068 1082 2133 quam
1102 2050 1135 2112 in
1150 2047 1365 2132 prudentium
1381 2068 1514 2117 conuer-

452 2173 585 2237 satione
607 2173 709 2235 muito
732 2170 942 2254 frequentius
955 2168 999 2236 ad
1015 2171 1102 2236 bona
1117 2175 1217 2254 rapta
1232 2189 1331 2254 quam
1346 2171 1393 2236 ad
1409 2171 1513 2236 damna

453 2292 533 2355 data
557 2310 634 2356 esse
656 2292 813 2374 relatam,
843 2293 1021 2376 quinetiam
1051 2290 1139 2356 hunc
1167 2292 1314 2357 aetionis
1343 2312 1441 2358 usum
1462 2296 1513 2357 iao

453 2414 630 2496 rariorem,
659 2412 748 2477 iilum
774 2431 856 2478 uero
889 2413 1062 2501 uulgarem
1095 2418 1129 2478 et
1166 2414 1260 2497 quasi
1296 2414 1512 2498 quotidianum

453 2529 604 2607 fuisse⁹).

517 2692 597 2781 Age
619 2712 701 2758 uero
725 2694 766 2759 de
789 2696 945 2760 uniuerso
968 2695 1162 2779 propositae
1184 2696 1331 2760 aetionis
1353 2697 1426 2760 iure
1441 2709 1512 2780 quae

454 2817 637 2900 praecepta
665 2816 898 2882 Iurisconsulti
930 2819 1035 2882 nostri
1063 2817 1235 2901 dederint,
1273 2818 1441 2882 curiosius
1467 2813 1511 2877 di·

452 2954 640 3019 spiciamus.

453 3257 548 3305 «enim
564 3259 646 3317 magis
658 3288 665 3300 .
678 3289 684 3302 .
698 3288 705 3300 .
728 3258 812 3304 inuito
826 3255 954 3305 dominos

452 3343 523 3393 coni.
538 3344 573 3395 to.
588 3342 618 3407 ὅ.
633 3344 694 3393 195.
714 3350 741 3394 et
752 3341 830 3393 Geiiii
845 3343 893 3401 ΧΙ,
911 3344 953 3393 18.

452 3438 518 3483 extr.

486 3518 514 3579 7)
533 3534 573 3582 pr.
596 3520 617 3568 Ι.
646 3520 673 3568 h.
697 3525 716 3567 t.
747 3518 954 3583 «Quadrupium

453 3616 564 3658 «autem
592 3621 645 3658 oon
675 3614 761 3657 totum
784 3621 870 3669 poena
904 3616 954 3669 est,

454 3699 545 3746 asicut
566 3699 592 3746 in
614 3699 718 3747 actione
737 3697 800 3746 iurti
822 3696 953 3747 manifesti

452 3784 604 3845 «diximus,
624 3786 671 3836 sod
685 3788 711 3834 in
724 3786 872 3848 quadruplo
886 3792 955 3837 inest

452 3886 465 3915 o
477 3879 504 3921 et
514 3876 550 3923 rei
563 3877 732 3934 persecutio:
747 3881 776 3924 ut
787 3888 871 3936 poena
883 3876 952 3936 tripii

451 3973 464 4002 «
476 3963 525 4020 sit,
540 3964 598 4012 siue
611 3964 854 4025 comprehendatur
864 3971 954 4025 raptor

451 4051 499 4097 oin
519 4050 578 4109 ipso
596 4051 692 4101 delicto
711 4055 770 4103 siue
787 4066 864 4104 nono
885 4052 933 4102 rei.

484 4133 511 4191 8)
530 4136 556 4184 d.
571 4136 602 4185 L.
615 4137 640 4185 2.
656 4152 694 4200 pr.
707 4147 733 4190 et
748 4143 859 4203 passim,
880 4142 909 4191 L.
924 4140 951 4190 t.

445 4224 479 4287 ss·
493 4224 519 4274 6.
538 4225 562 4273 ir.
579 4232 597 4273 t.

1048 3254 1075 3319 9)
1095 3255 1189 3316 Neque
1204 3258 1231 3304 in
1246 3252 1505 3318 tarantasiae

1014 3356 1102 3405 neque
1116 3343 1186 3406 apud
1207 3342 1305 3393 Gaiam
1326 3353 1432 3403 praeter
1451 3343 1506 3392 bom

1013 3442 1088 3493 rapta
1108 3432 1159 3482 uiio
1182 3432 1273 3480 damni
1290 3432 1346 3482 dati
1361 3436 1459 3483 mentio
1471 3430 1504 3479 ha·

1013 3521 1100 3571 betur.
1122 3545 1153 3555 -
1174 3519 1251 3569 Coni.
1268 3524 1351 3571 etiam
1372 3522 1427 3571 Las
1443 3521 1503 3569 noa.

1012 3609 1154 3671 Barpana.
1179 3608 1235 3656 Tit.
1251 3608 1280 3658 8.
1302 3611 1354 3673 (Da
1375 3602 1504 3663 uiolentia)

1012 3704 1095 3755 erin,
1124 3696 1169 3745 ubi
1192 3710 1223 3747 ea
1245 3703 1316 3749 totto
1341 3701 1382 3748 sie
1407 3706 1503 3747 conare

1011 3793 1147 3834 moratur:
1168 3785 1273 3846 «Quod
1288 3789 1310 3837 si
1324 3800 1382 3837 rem
1396 3784 1501 3836 mottien

1011 3888 1025 3917 ι
1034 3875 1077 3924 uei
1097 3887 1155 3925 sese
1168 3882 1325 3925 mouentem
1337 3889 1387 3936 per
1398 3870 1500 3933 uimqoio

1012 3966 1164 4025 «rapuerit,
1179 3965 1248 4012 iotra
1261 3976 1366 4013 annum
1376 3956 1499 4026 quaompi

1013 4052 1168 4101 asoiutiooo
1188 4052 1366 4111 multabitur,
1394 4055 1448 4113 post
1464 4055 1496 4094 aa·

1012 4153 1100 4191 «num
1131 4153 1197 4191 uero
1226 4141 1315 4202 simpii
1339 4140 1494 4192 saustaeoon

1013 4230 1182 4279 «soluetur»
