3114 5046
340 386 382 449 34
435 378 529 483 Cap.
556 381 592 455 1.
644 381 706 457 Do
731 386 816 456 iure
842 405 1001 456 caussae
1031 378 1299 467 Quinctianae.
1420 465 1422 469 ¹

171 571 321 680 ‘'31¹3'‘ss
339 572 504 659 sissimus,
527 562 708 657 propterea
730 569 818 656 quod
840 576 979 654 epotato
999 587 1128 659 genere
1141 589 1204 634 sno
1219 570 1409 656 stipitiatio

170 687 271 735 *ΝΜ
340 696 410 779 est,
434 693 539 757 omnis
560 697 669 758 autem
689 690 862 775 stipulatio
883 710 927 757 ex
948 693 1141 776 stipulantis
1156 710 1316 776 persons,
1340 709 1411 755 non

341 832 384 880 ex
407 816 633 899 promittentis
655 811 1116 898 spondentisue'concipitur

382 935 474 1002 'Neo
495 929 632 1001 meliora
653 939 747 1020 sunt,
773 953 858 1018 quae
879 933 1097 1019 complendae
1118 934 1208 998 iliius
1229 931 1412 999 doetrinae

339 1075 461 1124 mussa
483 1055 567 1122 idem
590 1055 633 1122 V.
656 1056 697 1120 Ι).
720 1053 864 1120 addidit:

403 1214 554 1300 Namque
576 1232 647 1279 eum
670 1204 767 1297 putat
788 1231 919 1298 semper
941 1212 1005 1280 dici
1028 1230 1214 1298 prouocare
1237 1213 1280 1278 ad
1299 1233 1413 1298 spon-

341 1337 484 1416 sionem,
514 1336 567 1420 qui
598 1335 690 1418 prior
718 1335 912 1421 stipuletur,
942 1336 1084 1418 priorem
1113 1339 1224 1400 eutem
1253 1336 1414 1419 stipulari

340 1438 434 1540 eum,
468 1458 521 1541 qui
555 1455 711 1542 affirmet,
741 1455 905 1520 affirmare
937 1454 1079 1540 denique
1110 1473 1200 1537 eum,
1233 1457 1290 1541 qui
1318 1459 1415 1540 prior

341 1576 466 1663 aliquid
487 1580 630 1663 statuat,
653 1574 741 1661 quod
763 1578 970 1662 argumentis
992 1579 1025 1642 et
1048 1578 1191 1642 testibus
1215 1578 1354 1662 probari
1371 1596 1414 1644 ac

330 1700 484 1788 'transigi
521 1703 682 1784 nequeat,
723 1697 933 1782 quamobrem
971 1716 1035 1783 qno
1071 1695 1256 1762 aduersarii
1292 1698 1415 1788 lingua

341 1823 593 1904 compescatur,
622 1819 799 1884 affirmanti
827 1817 870 1882 ad
899 1821 1111 1903 sponsionem
1140 1820 1185 1883 sit
1213 1838 1415 1904 prouocan-

342 1939 476 2016 dum40).
519 1939 617 2022 Quod
639 1941 693 2025 qui
716 1939 839 2020 faeiat,
868 1958 1000 2024 semper
1028 1958 1089 2023 pro
1112 1939 1302 2005 affirmante
1334 1959 1414 2007 esse

341 2061 546 2145 habendum,
578 2078 686 2145 neque
719 2059 894 2145 quidquam
928 2062 1110 2142 interesse,
1141 2063 1252 2126 utrum
1284 2062 1416 2148 aliquid

343 2203 418 2250 erse
440 2202 483 2247 an
505 2202 576 2247 noa
598 2200 672 2246 esse
702 2180 858 2268 affirmet,
888 2180 985 2245 modo
1015 2185 1216 2248 sententiam
1243 2203 1339 2249 susm
1371 2186 1416 2250 ab

343 2305 451 2370 aliero
467 2305 691 2392 impugnatam
706 2305 755 2366 sio
771 2302 851 2367 uelit
863 2304 959 2389 tueri,
973 2305 1009 2366 ut
1022 2321 1094 2367 eum
1107 2304 1220 2369 iubeat
1231 2303 1418 2389 spondere.

407 2465 449 2528 In
467 2479 602 2547 summa,
623 2458 835 2547 stipulatio,
853 2462 976 2546 inquit,
996 2466 1031 2526 et
1048 2465 1189 2546 epomis
1208 2467 1290 2547 ipsa
1301 2462 1418 2548 fiebat

407 2602 486 2650 eam
499 2581 677 2670 particula
696 2577 748 2671 Si,
768 2579 989 2666 restipulatio
1006 2585 1042 2645 et
1056 2587 1235 2669 responsio
1250 2602 1331 2650 eam
1349 2605 1418 2672 op-

406 2709 523 2792 posita
549 2705 611 2788 N13
658 2699 812 2768 Praetor
838 2700 984 2790 turmae
1010 2687 1161 2768 iudaeae
1192 2703 1305 2770 dotat
1335 2725 1418 2772 earn

407 2826 585 2913 porticula
606 2820 657 2891 Sr.

409 2985 511 3069 Huic,
536 2987 599 3066 ait,
620 2983 759 3064 rationi,
781 2981 976 3067 ubicumque
997 3001 1053 3048 res
1076 2987 1251 3073 occurrat,
1280 2988 1417 3052 alteru-

346 3112 430 3172 tram
467 3104 661 3190 particulam
695 3103 749 3166 uei
779 3097 820 3166 Si
852 3101 906 3166 uei
938 3102 982 3167 Νι
1014 3106 1081 3168 tam
1113 3108 1342 3173 necessariam
1383 3113 1418 3175 et

348 3227 514 3312 propriam
537 3242 629 3307 esse,

413 3351 494 3432 «ai,
516 3345 575 3409 ubi
597 3328 675 3408 eam
695 3344 804 3428 Iepem
826 3348 1013 3430 migratam
1037 3347 1237 3436 uideamur,
1265 3350 1317 3416 ibi
1346 3372 1419 3417 au-

412 3467 559 3531 «dacter
591 3469 655 3529 oui
686 3465 848 3529 librarios
879 3466 995 3531 meridi
1032 3486 1199 3534 accusare
1225 3476 1292 3536 aut
1320 3476 1419 3558 ipsos

413 3591 622 3672 «temptores
650 3585 881 3672 nepiipeuiiae
908 3587 1112 3652 irmimuiare
1140 3580 1205 3654 a'ai
1233 3592 1325 3657 odeo
1339 3613 1420 3660 ‘rtur

413 3712 566 3772 «erroris
587 3725 733 3793 arguere
756 3705 969 3772 debeamus-³

384 4042 430 4098 io)
451 4041 536 4091 immo
550 4054 603 4103 quo
617 4042 704 4091 maior
714 4040 791 4104 copia
803 4040 849 4090 ‹io-
906 4041 1420 4106 eritatquoiudtoe,quicontrouersire

350 4137 554 4189 coniuratorum,
569 4129 692 4189 testium,
705 4141 849 4191 argumen·
906 4142 1016 4191 operam
1030 4131 1074 4180 det
1086 4144 1118 4180 ao
1132 4131 1291 4184 Praetorem
1305 4151 1336 4187 ea
1352 4152 1419 4187 cura

351 4214 454 4276 torum,
475 4232 507 4267 eo
523 4218 609 4279 magis
622 4218 768 4280 sponsione
781 4230 848 4279 opus
906 4218 1038 4268 subieuei.
1077 4219 1143 4269 Vide
1167 4235 1250 4283 supra
1274 4239 1301 4287 p.
1323 4226 1351 4275 a.
1374 4227 1417 4276 to.
