<?xml version="1.0" encoding="UTF-8"?>
<!DOCTYPE html PUBLIC "-//W3C//DTD XHTML 1.0 Transitional//EN"
    "http://www.w3.org/TR/xhtml1/DTD/xhtml1-transitional.dtd">
<html xmlns="http://www.w3.org/1999/xhtml" xml:lang="en" lang="en">
 <head>
  <title>
</title>
<meta http-equiv="Content-Type" content="text/html;charset=utf-8" />
  <meta name='ocr-system' content='tesseract 3.04.00' />
  <meta name='ocr-capabilities' content='ocr_page ocr_carea ocr_par ocr_line ocrx_word'/>
</head>
<body>
  <div class='ocr_page' id='page_1' title='image "./semestriumadmtu00kellgoog_0132.png"; bbox 0 0 3114 5046; ppageno 0'>
   <div class='ocr_carea' id='block_1_1' title="bbox 325 370 1294 473">
    <p class='ocr_par' dir='ltr' id='par_1_1' title="bbox 325 370 1294 473">
     <span class='ocr_line' id='line_1_1' title="bbox 325 370 1294 473; baseline 0 -26"><span class='ocrx_word' id='word_1_1' title='bbox 325 374 386 436; x_wconf 86' lang='lat'><strong>106</strong></span> <span class='ocrx_word' id='word_1_2' title='bbox 439 370 534 473; x_wconf 81' lang='lat' dir='ltr'><strong>Cup.</strong></span> <span class='ocrx_word' id='word_1_3' title='bbox 553 374 588 447; x_wconf 86' lang='lat'><strong>1.</strong></span> <span class='ocrx_word' id='word_1_4' title='bbox 641 372 703 448; x_wconf 82' lang='lat' dir='ltr'><strong>De</strong></span> <span class='ocrx_word' id='word_1_5' title='bbox 729 377 814 448; x_wconf 83' lang='lat' dir='ltr'><strong>ture</strong></span> <span class='ocrx_word' id='word_1_6' title='bbox 839 396 1000 448; x_wconf 81' lang='lat' dir='ltr'><strong>caussae</strong></span> <span class='ocrx_word' id='word_1_7' title='bbox 1028 372 1294 462; x_wconf 65' lang='lat' dir='ltr'><strong>Qmmionoe.</strong></span> 
     </span>
    </p>
   </div>
   <div class='ocr_carea' id='block_1_2' title="bbox 193 559 1392 648">
    <p class='ocr_par' dir='ltr' id='par_1_2' title="bbox 193 559 1392 648">
     <span class='ocr_line' id='line_1_2' title="bbox 193 559 1392 648; baseline 0.007 -27"><span class='ocrx_word' id='word_1_8' title='bbox 193 569 287 609; x_wconf 64' lang='lat' dir='ltr'><strong>..mun</strong></span> <span class='ocrx_word' id='word_1_9' title='bbox 323 579 408 626; x_wconf 88' lang='lat' dir='ltr'><strong>esse.</strong></span> <span class='ocrx_word' id='word_1_10' title='bbox 464 559 596 647; x_wconf 79' lang='lat' dir='ltr'><strong>Quippe</strong></span> <span class='ocrx_word' id='word_1_11' title='bbox 626 563 712 627; x_wconf 89' lang='lat' dir='ltr'><strong>bona</strong></span> <span class='ocrx_word' id='word_1_12' title='bbox 740 561 877 628; x_wconf 87' lang='lat' dir='ltr'><strong>uendita</strong></span> <span class='ocrx_word' id='word_1_13' title='bbox 906 580 983 628; x_wconf 87' lang='lat' dir='ltr'><strong>esse</strong></span> <span class='ocrx_word' id='word_1_14' title='bbox 1015 582 1111 629; x_wconf 93' lang='lat' dir='ltr'><strong>nemo</strong></span> <span class='ocrx_word' id='word_1_15' title='bbox 1144 564 1392 648; x_wconf 78' lang='lat' dir='ltr'><strong>contendebat,</strong></span> 
     </span>
    </p>
   </div>
   <div class='ocr_carea' id='block_1_3' title="bbox 322 680 1398 4035">
    <p class='ocr_par' dir='ltr' id='par_1_3' title="bbox 322 680 1392 1611">
     <span class='ocr_line' id='line_1_3' title="bbox 323 680 1392 768; baseline 0.003 -21"><span class='ocrx_word' id='word_1_16' title='bbox 323 701 431 768; x_wconf 88' lang='lat' dir='ltr'><strong>neque</strong></span> <span class='ocrx_word' id='word_1_17' title='bbox 452 683 604 768; x_wconf 84' lang='lat' dir='ltr'><strong>cuiquam</strong></span> <span class='ocrx_word' id='word_1_18' title='bbox 625 686 661 748; x_wconf 94' lang='lat' dir='ltr'><strong>in</strong></span> <span class='ocrx_word' id='word_1_19' title='bbox 683 687 824 749; x_wconf 81' lang='lat' dir='ltr'><strong>mentem</strong></span> <span class='ocrx_word' id='word_1_20' title='bbox 853 687 984 768; x_wconf 83' lang='lat' dir='ltr'><strong>ueniat,</strong></span> <span class='ocrx_word' id='word_1_21' title='bbox 1021 680 1215 751; x_wconf 74' lang='lat' dir='ltr'><strong>Ciceronem</strong></span> <span class='ocrx_word' id='word_1_22' title='bbox 1244 685 1392 750; x_wconf 84' lang='lat' dir='ltr'><strong>loturam</strong></span> 
     </span>
     <span class='ocr_line' id='line_1_4' title="bbox 323 803 1392 892; baseline 0.003 -23"><span class='ocrx_word' id='word_1_23' title='bbox 323 805 468 869; x_wconf 81' lang='lat' dir='ltr'><strong>fortusse</strong></span> <span class='ocrx_word' id='word_1_24' title='bbox 490 805 650 869; x_wconf 90' lang='lat' dir='ltr'><strong>bonorum</strong></span> <span class='ocrx_word' id='word_1_25' title='bbox 673 803 897 870; x_wconf 88' lang='lat' dir='ltr'><strong>uenditionem</strong></span> <span class='ocrx_word' id='word_1_26' title='bbox 920 823 963 870; x_wconf 88' lang='lat' dir='ltr'><strong>ex</strong></span> <span class='ocrx_word' id='word_1_27' title='bbox 981 806 1169 872; x_wconf 88' lang='lat' dir='ltr'><strong>satisdandl</strong></span> <span class='ocrx_word' id='word_1_28' title='bbox 1191 808 1306 892; x_wconf 86' lang='lat' dir='ltr'><strong>inopia</strong></span> <span class='ocrx_word' id='word_1_29' title='bbox 1327 805 1392 872; x_wconf 88' lang='lat' dir='ltr'><strong>de-</strong></span> 
     </span>
     <span class='ocr_line' id='line_1_5' title="bbox 323 924 1392 1012; baseline 0.002 -21"><span class='ocrx_word' id='word_1_30' title='bbox 323 930 526 991; x_wconf 85' lang='lat' dir='ltr'><strong>monstrare:</strong></span> <span class='ocrx_word' id='word_1_31' title='bbox 563 924 650 1010; x_wconf 83' lang='lat' dir='ltr'><strong>quod</strong></span> <span class='ocrx_word' id='word_1_32' title='bbox 682 944 778 1011; x_wconf 82' lang='lat' dir='ltr'><strong>quum</strong></span> <span class='ocrx_word' id='word_1_33' title='bbox 807 926 950 991; x_wconf 87' lang='lat' dir='ltr'><strong>alienum</strong></span> <span class='ocrx_word' id='word_1_34' title='bbox 978 927 1023 991; x_wconf 89' lang='lat' dir='ltr'><strong>sit</strong></span> <span class='ocrx_word' id='word_1_35' title='bbox 1050 930 1204 994; x_wconf 77' lang='lat' dir='ltr'><strong>amente</strong></span> <span class='ocrx_word' id='word_1_36' title='bbox 1226 929 1392 1012; x_wconf 91' lang='lat' dir='ltr'><strong>oratoris,</strong></span> 
     </span>
     <span class='ocr_line' id='line_1_6' title="bbox 322 1047 1392 1136; baseline 0.003 -25"><span class='ocrx_word' id='word_1_37' title='bbox 322 1049 357 1112; x_wconf 89' lang='lat' dir='ltr'><strong>in</strong></span> <span class='ocrx_word' id='word_1_38' title='bbox 379 1067 420 1112; x_wconf 90' lang='lat' dir='ltr'><strong>eo</strong></span> <span class='ocrx_word' id='word_1_39' title='bbox 442 1050 581 1114; x_wconf 85' lang='lat' dir='ltr'><strong>maxime</strong></span> <span class='ocrx_word' id='word_1_40' title='bbox 603 1050 813 1133; x_wconf 91' lang='lat' dir='ltr'><strong>perspicuum</strong></span> <span class='ocrx_word' id='word_1_41' title='bbox 837 1052 907 1136; x_wconf 88' lang='lat' dir='ltr'><strong>est,</strong></span> <span class='ocrx_word' id='word_1_42' title='bbox 939 1047 1026 1134; x_wconf 83' lang='lat' dir='ltr'><strong>qnod</strong></span> <span class='ocrx_word' id='word_1_43' title='bbox 1057 1066 1131 1114; x_wconf 91' lang='lat' dir='ltr'><strong>cum</strong></span> <span class='ocrx_word' id='word_1_44' title='bbox 1161 1051 1392 1114; x_wconf 76' lang='lat' dir='ltr'><strong>ostentatione</strong></span> 
     </span>
     <span class='ocr_line' id='line_1_7' title="bbox 324 1166 1392 1255; baseline -0.001 -21"><span class='ocrx_word' id='word_1_45' title='bbox 324 1168 465 1255; x_wconf 84' lang='lat' dir='ltr'><strong>quadam</strong></span> <span class='ocrx_word' id='word_1_46' title='bbox 501 1169 698 1253; x_wconf 88' lang='lat' dir='ltr'><strong>praedicat,</strong></span> <span class='ocrx_word' id='word_1_47' title='bbox 744 1167 933 1251; x_wconf 77' lang='lat' dir='ltr'><strong>Quinctium</strong></span> <span class='ocrx_word' id='word_1_48' title='bbox 970 1166 1015 1234; x_wconf 90' lang='lat' dir='ltr'><strong>ad</strong></span> <span class='ocrx_word' id='word_1_49' title='bbox 1053 1168 1284 1235; x_wconf 80' lang='lat' dir='ltr'><strong>satisdandum</strong></span> <span class='ocrx_word' id='word_1_50' title='bbox 1324 1189 1392 1234; x_wconf 93' lang='lat' dir='ltr'><strong>non</strong></span> 
     </span>
     <span class='ocr_line' id='line_1_8' title="bbox 323 1289 1392 1374; baseline 0.002 -21"><span class='ocrx_word' id='word_1_51' title='bbox 323 1289 421 1354; x_wconf 94' lang='lat' dir='ltr'><strong>modo</strong></span> <span class='ocrx_word' id='word_1_52' title='bbox 442 1289 596 1355; x_wconf 93' lang='lat' dir='ltr'><strong>idoneum</strong></span> <span class='ocrx_word' id='word_1_53' title='bbox 618 1308 732 1354; x_wconf 90' lang='lat' dir='ltr'><strong>uerum</strong></span> <span class='ocrx_word' id='word_1_54' title='bbox 753 1291 852 1354; x_wconf 90' lang='lat' dir='ltr'><strong>etlam</strong></span> <span class='ocrx_word' id='word_1_55' title='bbox 875 1293 1026 1374; x_wconf 86' lang='lat' dir='ltr'><strong>paratum</strong></span> <span class='ocrx_word' id='word_1_56' title='bbox 1059 1289 1181 1373; x_wconf 82' lang='lat' dir='ltr'><strong>luisse,</strong></span> <span class='ocrx_word' id='word_1_57' title='bbox 1214 1290 1392 1355; x_wconf 90' lang='lat' dir='ltr'><strong>dummodo</strong></span> 
     </span>
     <span class='ocr_line' id='line_1_9' title="bbox 324 1411 1392 1495; baseline 0 -20"><span class='ocrx_word' id='word_1_58' title='bbox 324 1430 431 1495; x_wconf 87' lang='lat' dir='ltr'><strong>aequo</strong></span> <span class='ocrx_word' id='word_1_59' title='bbox 453 1411 525 1475; x_wconf 90' lang='lat' dir='ltr'><strong>iure</strong></span> <span class='ocrx_word' id='word_1_60' title='bbox 551 1413 706 1495; x_wconf 84' lang='lat' dir='ltr'><strong>utrinque</strong></span> <span class='ocrx_word' id='word_1_61' title='bbox 736 1411 915 1477; x_wconf 87' lang='lat' dir='ltr'><strong>obseruato</strong></span> <span class='ocrx_word' id='word_1_62' title='bbox 941 1413 1176 1476; x_wconf 81' lang='lat' dir='ltr'><strong>existimationi</strong></span> <span class='ocrx_word' id='word_1_63' title='bbox 1204 1413 1279 1478; x_wconf 90' lang='lat' dir='ltr'><strong>elus</strong></span> <span class='ocrx_word' id='word_1_64' title='bbox 1305 1430 1392 1478; x_wconf 88' lang='lat' dir='ltr'><strong>con-</strong></span> 
     </span>
     <span class='ocr_line' id='line_1_10' title="bbox 326 1525 852 1611; baseline -0.004 -14"><span class='ocrx_word' id='word_1_65' title='bbox 326 1533 438 1597; x_wconf 87' lang='lat' dir='ltr'><strong>sulere</strong></span> <span class='ocrx_word' id='word_1_66' title='bbox 459 1531 609 1597; x_wconf 87' lang='lat' dir='ltr'><strong>Nneuins</strong></span> <span class='ocrx_word' id='word_1_67' title='bbox 630 1533 792 1595; x_wconf 89' lang='lat' dir='ltr'><strong>uoluisset</strong></span> <span class='ocrx_word' id='word_1_68' title='bbox 804 1525 852 1611; x_wconf 81' lang='lat'><strong>²⁰).</strong></span> 
     </span>
    </p>

    <p class='ocr_par' dir='ltr' id='par_1_4' title="bbox 323 1651 1394 2204">
     <span class='ocr_line' id='line_1_11' title="bbox 388 1651 1393 1739; baseline 0.002 -22"><span class='ocrx_word' id='word_1_69' title='bbox 388 1651 437 1717; x_wconf 82' lang='lat' dir='ltr'><strong>At</strong></span> <span class='ocrx_word' id='word_1_70' title='bbox 459 1670 541 1717; x_wconf 90' lang='lat' dir='ltr'><strong>uero</strong></span> <span class='ocrx_word' id='word_1_71' title='bbox 562 1654 724 1739; x_wconf 80' lang='lat' dir='ltr'><strong>uestigia,</strong></span> <span class='ocrx_word' id='word_1_72' title='bbox 746 1654 780 1717; x_wconf 94' lang='lat' dir='ltr'><strong>in</strong></span> <span class='ocrx_word' id='word_1_73' title='bbox 803 1671 888 1738; x_wconf 87' lang='lat' dir='ltr'><strong>quac</strong></span> <span class='ocrx_word' id='word_1_74' title='bbox 909 1652 1019 1720; x_wconf 89' lang='lat' dir='ltr'><strong>adbuc</strong></span> <span class='ocrx_word' id='word_1_75' title='bbox 1039 1652 1229 1738; x_wconf 85' lang='lat' dir='ltr'><strong>incidimus,</strong></span> <span class='ocrx_word' id='word_1_76' title='bbox 1250 1653 1393 1720; x_wconf 84' lang='lat' dir='ltr'><strong>eandem</strong></span> 
     </span>
     <span class='ocr_line' id='line_1_12' title="bbox 326 1772 1392 1860; baseline 0.001 -22"><span class='ocrx_word' id='word_1_77' title='bbox 326 1775 434 1838; x_wconf 88' lang='lat' dir='ltr'><strong>omnia</strong></span> <span class='ocrx_word' id='word_1_78' title='bbox 465 1777 592 1859; x_wconf 90' lang='lat' dir='ltr'><strong>partem</strong></span> <span class='ocrx_word' id='word_1_79' title='bbox 623 1772 863 1839; x_wconf 89' lang='lat' dir='ltr'><strong>demonstrant.</strong></span> <span class='ocrx_word' id='word_1_80' title='bbox 920 1774 1014 1860; x_wconf 72' lang='lat' dir='ltr'><strong>Ergo</strong></span> <span class='ocrx_word' id='word_1_81' title='bbox 1042 1774 1176 1841; x_wconf 85' lang='lat' dir='ltr'><strong>tandem</strong></span> <span class='ocrx_word' id='word_1_82' title='bbox 1208 1774 1392 1841; x_wconf 89' lang='lat' dir='ltr'><strong>secundum</strong></span> 
     </span>
     <span class='ocr_line' id='line_1_13' title="bbox 325 1893 1394 1982; baseline 0.004 -25"><span class='ocrx_word' id='word_1_83' title='bbox 325 1893 401 1959; x_wconf 92' lang='lat' dir='ltr'><strong>illos</strong></span> <span class='ocrx_word' id='word_1_84' title='bbox 421 1896 621 1960; x_wconf 88' lang='lat' dir='ltr'><strong>sententiam</strong></span> <span class='ocrx_word' id='word_1_85' title='bbox 644 1893 812 1979; x_wconf 85' lang='lat' dir='ltr'><strong>dabimus,</strong></span> <span class='ocrx_word' id='word_1_86' title='bbox 845 1896 900 1980; x_wconf 88' lang='lat' dir='ltr'><strong>qui</strong></span> <span class='ocrx_word' id='word_1_87' title='bbox 927 1898 1062 1979; x_wconf 87' lang='lat' dir='ltr'><strong>primam</strong></span> <span class='ocrx_word' id='word_1_88' title='bbox 1091 1897 1342 1982; x_wconf 86' lang='lat' dir='ltr'><strong>possessionem</strong></span> <span class='ocrx_word' id='word_1_89' title='bbox 1372 1914 1394 1961; x_wconf 91' lang='lat' dir='ltr'><strong>a</strong></span> 
     </span>
     <span class='ocr_line' id='line_1_14' title="bbox 323 2015 1393 2102; baseline 0.002 -22"><span class='ocrx_word' id='word_1_90' title='bbox 323 2015 487 2081; x_wconf 87' lang='lat' dir='ltr'><strong>Praetore</strong></span> <span class='ocrx_word' id='word_1_91' title='bbox 516 2017 725 2101; x_wconf 85' lang='lat' dir='ltr'><strong>impetratam</strong></span> <span class='ocrx_word' id='word_1_92' title='bbox 752 2018 1096 2102; x_wconf 86' lang='lat' dir='ltr'><strong>proscriptionemque</strong></span> <span class='ocrx_word' id='word_1_93' title='bbox 1127 2018 1216 2083; x_wconf 92' lang='lat' dir='ltr'><strong>illico</strong></span> <span class='ocrx_word' id='word_1_94' title='bbox 1238 2020 1393 2084; x_wconf 88' lang='lat' dir='ltr'><strong>secutam</strong></span> 
     </span>
     <span class='ocr_line' id='line_1_15' title="bbox 324 2130 1156 2204; baseline 0.001 -3"><span class='ocrx_word' id='word_1_95' title='bbox 324 2138 579 2202; x_wconf 85' lang='lat' dir='ltr'><strong>existimationis</strong></span> <span class='ocrx_word' id='word_1_96' title='bbox 601 2138 768 2201; x_wconf 87' lang='lat' dir='ltr'><strong>interitum</strong></span> <span class='ocrx_word' id='word_1_97' title='bbox 791 2136 896 2203; x_wconf 80' lang='lat' dir='ltr'><strong>luisse</strong></span> <span class='ocrx_word' id='word_1_98' title='bbox 918 2130 1156 2204; x_wconf 70' lang='lat' dir='ltr'><strong>contendunt?</strong></span> 
     </span>
    </p>

    <p class='ocr_par' dir='ltr' id='par_1_5' title="bbox 325 2255 1395 2587">
     <span class='ocr_line' id='line_1_16' title="bbox 387 2255 1393 2341; baseline 0.004 -19"><span class='ocrx_word' id='word_1_99' title='bbox 387 2255 540 2322; x_wconf 88' lang='lat' dir='ltr'><strong>Nondum</strong></span> <span class='ocrx_word' id='word_1_100' title='bbox 574 2255 732 2341; x_wconf 87' lang='lat' dir='ltr'><strong>expedita</strong></span> <span class='ocrx_word' id='word_1_101' title='bbox 763 2256 838 2322; x_wconf 90' lang='lat' dir='ltr'><strong>mihi</strong></span> <span class='ocrx_word' id='word_1_102' title='bbox 870 2277 927 2324; x_wconf 90' lang='lat' dir='ltr'><strong>res</strong></span> <span class='ocrx_word' id='word_1_103' title='bbox 949 2264 1014 2324; x_wconf 88' lang='lat' dir='ltr'><strong>est.</strong></span> <span class='ocrx_word' id='word_1_104' title='bbox 1067 2258 1226 2325; x_wconf 89' lang='lat' dir='ltr'><strong>Nimirum</strong></span> <span class='ocrx_word' id='word_1_105' title='bbox 1255 2278 1332 2327; x_wconf 82' lang='lat' dir='ltr'><strong>cum</strong></span> <span class='ocrx_word' id='word_1_106' title='bbox 1359 2262 1393 2326; x_wconf 90' lang='lat' dir='ltr'><strong>ln</strong></span> 
     </span>
     <span class='ocr_line' id='line_1_17' title="bbox 325 2373 1395 2469; baseline 0.006 -26"><span class='ocrx_word' id='word_1_107' title='bbox 325 2394 447 2443; x_wconf 89' lang='lat' dir='ltr'><strong>caussa</strong></span> <span class='ocrx_word' id='word_1_108' title='bbox 468 2373 615 2457; x_wconf 78' lang='lat' dir='ltr'><strong>Quinctil</strong></span> <span class='ocrx_word' id='word_1_109' title='bbox 638 2382 705 2442; x_wconf 90' lang='lat' dir='ltr'><strong>tum</strong></span> <span class='ocrx_word' id='word_1_110' title='bbox 729 2379 763 2443; x_wconf 95' lang='lat' dir='ltr'><strong>ln</strong></span> <span class='ocrx_word' id='word_1_111' title='bbox 782 2380 855 2444; x_wconf 80' lang='lat' dir='ltr'><strong>eius</strong></span> <span class='ocrx_word' id='word_1_112' title='bbox 868 2381 951 2445; x_wconf 88' lang='lat' dir='ltr'><strong>ioris</strong></span> <span class='ocrx_word' id='word_1_113' title='bbox 964 2381 1096 2445; x_wconf 89' lang='lat' dir='ltr'><strong>ratione</strong></span> <span class='ocrx_word' id='word_1_114' title='bbox 1111 2385 1190 2446; x_wconf 90' lang='lat' dir='ltr'><strong>sunt</strong></span> <span class='ocrx_word' id='word_1_115' title='bbox 1208 2382 1395 2469; x_wconf 87' lang='lat' dir='ltr'><strong>complura,</strong></span> 
     </span>
     <span class='ocr_line' id='line_1_18' title="bbox 325 2497 1267 2587; baseline 0.005 -24"><span class='ocrx_word' id='word_1_116' title='bbox 325 2515 411 2583; x_wconf 84' lang='lat' dir='ltr'><strong>quae</strong></span> <span class='ocrx_word' id='word_1_117' title='bbox 433 2497 627 2587; x_wconf 83' lang='lat' dir='ltr'><strong>diligentius</strong></span> <span class='ocrx_word' id='word_1_118' title='bbox 648 2500 747 2564; x_wconf 91' lang='lat' dir='ltr'><strong>etiam</strong></span> <span class='ocrx_word' id='word_1_119' title='bbox 768 2500 956 2585; x_wconf 89' lang='lat' dir='ltr'><strong>reputanda</strong></span> <span class='ocrx_word' id='word_1_120' title='bbox 978 2519 1054 2568; x_wconf 87' lang='lat' dir='ltr'><strong>esse</strong></span> <span class='ocrx_word' id='word_1_121' title='bbox 1076 2500 1267 2568; x_wconf 84' lang='lat' dir='ltr'><strong>uideantur.</strong></span> 
     </span>
    </p>

    <p class='ocr_par' dir='ltr' id='par_1_6' title="bbox 325 2614 1395 3069">
     <span class='ocr_line' id='line_1_19' title="bbox 387 2614 1395 2706; baseline 0.003 -20"><span class='ocrx_word' id='word_1_122' title='bbox 387 2614 511 2686; x_wconf 83' lang='lat' dir='ltr'><strong>Statim</strong></span> <span class='ocrx_word' id='word_1_123' title='bbox 548 2621 717 2704; x_wconf 88' lang='lat' dir='ltr'><strong>occurrit,</strong></span> <span class='ocrx_word' id='word_1_124' title='bbox 759 2620 846 2705; x_wconf 88' lang='lat' dir='ltr'><strong>qnod</strong></span> <span class='ocrx_word' id='word_1_125' title='bbox 882 2640 985 2706; x_wconf 88' lang='lat' dir='ltr'><strong>supra</strong></span> <span class='ocrx_word' id='word_1_126' title='bbox 1021 2621 1192 2688; x_wconf 90' lang='lat' dir='ltr'><strong>docuimus</strong></span> <span class='ocrx_word' id='word_1_127' title='bbox 1202 2616 1260 2706; x_wconf 83' lang='lat'><strong>²¹),</strong></span> <span class='ocrx_word' id='word_1_128' title='bbox 1299 2626 1395 2691; x_wconf 87' lang='lat' dir='ltr'><strong>culus</strong></span> 
     </span>
     <span class='ocr_line' id='line_1_20' title="bbox 325 2739 1394 2831; baseline 0.005 -25"><span class='ocrx_word' id='word_1_129' title='bbox 325 2742 414 2806; x_wconf 88' lang='lat' dir='ltr'><strong>bona</strong></span> <span class='ocrx_word' id='word_1_130' title='bbox 436 2739 706 2828; x_wconf 83' lang='lat' dir='ltr'><strong>possiderentur,</strong></span> <span class='ocrx_word' id='word_1_131' title='bbox 733 2760 805 2806; x_wconf 90' lang='lat' dir='ltr'><strong>eum</strong></span> <span class='ocrx_word' id='word_1_132' title='bbox 827 2743 916 2807; x_wconf 90' lang='lat' dir='ltr'><strong>intra</strong></span> <span class='ocrx_word' id='word_1_133' title='bbox 937 2741 1009 2807; x_wconf 89' lang='lat' dir='ltr'><strong>dies</strong></span> <span class='ocrx_word' id='word_1_134' title='bbox 1032 2745 1188 2831; x_wconf 82' lang='lat' dir='ltr'><strong>triginta,</strong></span> <span class='ocrx_word' id='word_1_135' title='bbox 1218 2745 1312 2810; x_wconf 89' lang='lat' dir='ltr'><strong>nulla</strong></span> <span class='ocrx_word' id='word_1_136' title='bbox 1334 2765 1394 2811; x_wconf 92' lang='lat' dir='ltr'><strong>sa-</strong></span> 
     </span>
     <span class='ocr_line' id='line_1_21' title="bbox 325 2860 1394 2943; baseline 0.005 -18"><span class='ocrx_word' id='word_1_137' title='bbox 325 2861 505 2927; x_wconf 88' lang='lat' dir='ltr'><strong>tisdatione</strong></span> <span class='ocrx_word' id='word_1_138' title='bbox 528 2863 656 2943; x_wconf 88' lang='lat' dir='ltr'><strong>oblata,</strong></span> <span class='ocrx_word' id='word_1_139' title='bbox 689 2860 809 2928; x_wconf 91' lang='lat' dir='ltr'><strong>iudicio</strong></span> <span class='ocrx_word' id='word_1_140' title='bbox 837 2881 913 2928; x_wconf 88' lang='lat' dir='ltr'><strong>sese</strong></span> <span class='ocrx_word' id='word_1_141' title='bbox 935 2862 1118 2929; x_wconf 80' lang='lat' dir='ltr'><strong>defendero</strong></span> <span class='ocrx_word' id='word_1_142' title='bbox 1140 2863 1394 2930; x_wconf 89' lang='lat' dir='ltr'><strong>aduersarium-</strong></span> 
     </span>
     <span class='ocr_line' id='line_1_22' title="bbox 325 2981 1064 3069; baseline 0.004 -23"><span class='ocrx_word' id='word_1_143' title='bbox 325 3002 389 3069; x_wconf 82' lang='lat' dir='ltr'><strong>que</strong></span> <span class='ocrx_word' id='word_1_144' title='bbox 411 2982 453 3048; x_wconf 91' lang='lat' dir='ltr'><strong>dc</strong></span> <span class='ocrx_word' id='word_1_145' title='bbox 476 2984 690 3065; x_wconf 88' lang='lat' dir='ltr'><strong>possessione</strong></span> <span class='ocrx_word' id='word_1_146' title='bbox 712 2981 882 3067; x_wconf 87' lang='lat' dir='ltr'><strong>depellere</strong></span> <span class='ocrx_word' id='word_1_147' title='bbox 903 2986 1064 3068; x_wconf 87' lang='lat' dir='ltr'><strong>potuisse.</strong></span> 
     </span>
    </p>

    <p class='ocr_par' dir='ltr' id='par_1_7' title="bbox 326 3101 1398 4035">
     <span class='ocr_line' id='line_1_23' title="bbox 389 3101 1394 3190; baseline 0.004 -21"><span class='ocrx_word' id='word_1_148' title='bbox 389 3102 473 3169; x_wconf 91' lang='lat' dir='ltr'><strong>Num</strong></span> <span class='ocrx_word' id='word_1_149' title='bbox 500 3121 581 3168; x_wconf 89' lang='lat' dir='ltr'><strong>uero</strong></span> <span class='ocrx_word' id='word_1_150' title='bbox 613 3101 772 3168; x_wconf 83' lang='lat' dir='ltr'><strong>credibile</strong></span> <span class='ocrx_word' id='word_1_151' title='bbox 802 3108 872 3186; x_wconf 89' lang='lat' dir='ltr'><strong>est,</strong></span> <span class='ocrx_word' id='word_1_152' title='bbox 908 3105 963 3188; x_wconf 84' lang='lat' dir='ltr'><strong>qui</strong></span> <span class='ocrx_word' id='word_1_153' title='bbox 994 3109 1135 3190; x_wconf 93' lang='lat' dir='ltr'><strong>propter</strong></span> <span class='ocrx_word' id='word_1_154' title='bbox 1163 3107 1253 3171; x_wconf 88' lang='lat' dir='ltr'><strong>bona</strong></span> <span class='ocrx_word' id='word_1_155' title='bbox 1283 3127 1394 3174; x_wconf 88' lang='lat' dir='ltr'><strong>suaa</strong></span> 
     </span>
     <span class='ocr_line' id='line_1_24' title="bbox 327 3223 1394 3313; baseline 0.005 -23"><span class='ocrx_word' id='word_1_156' title='bbox 327 3223 494 3291; x_wconf 85' lang='lat' dir='ltr'><strong>creditore</strong></span> <span class='ocrx_word' id='word_1_157' title='bbox 516 3242 582 3287; x_wconf 93' lang='lat' dir='ltr'><strong>uno</strong></span> <span class='ocrx_word' id='word_1_158' title='bbox 606 3224 797 3307; x_wconf 88' lang='lat' dir='ltr'><strong>pluribusne</strong></span> <span class='ocrx_word' id='word_1_159' title='bbox 819 3243 979 3309; x_wconf 89' lang='lat' dir='ltr'><strong>possessa</strong></span> <span class='ocrx_word' id='word_1_160' title='bbox 1000 3245 1044 3291; x_wconf 90' lang='lat' dir='ltr'><strong>ne</strong></span> <span class='ocrx_word' id='word_1_161' title='bbox 1058 3224 1245 3291; x_wconf 84' lang='lat' dir='ltr'><strong>satisdandi</strong></span> <span class='ocrx_word' id='word_1_162' title='bbox 1261 3229 1394 3313; x_wconf 85' lang='lat' dir='ltr'><strong>quidem</strong></span> 
     </span>
     <span class='ocr_line' id='line_1_25' title="bbox 326 3343 1396 3433; baseline 0.007 -23"><span class='ocrx_word' id='word_1_163' title='bbox 326 3347 530 3411; x_wconf 89' lang='lat' dir='ltr'><strong>necessitate</strong></span> <span class='ocrx_word' id='word_1_164' title='bbox 563 3343 851 3429; x_wconf 81' lang='lat' dir='ltr'><strong>obstringeretur,</strong></span> <span class='ocrx_word' id='word_1_165' title='bbox 881 3364 1005 3432; x_wconf 85' lang='lat' dir='ltr'><strong>neque,</strong></span> <span class='ocrx_word' id='word_1_166' title='bbox 1039 3365 1270 3433; x_wconf 87' lang='lat' dir='ltr'><strong>quamcunque</strong></span> <span class='ocrx_word' id='word_1_167' title='bbox 1303 3351 1396 3416; x_wconf 88' lang='lat' dir='ltr'><strong>litem</strong></span> 
     </span>
     <span class='ocr_line' id='line_1_26' title="bbox 327 3464 1398 3552; baseline 0.008 -23"><span class='ocrx_word' id='word_1_168' title='bbox 327 3470 545 3552; x_wconf 88' lang='lat' dir='ltr'><strong>suscepturus</strong></span> <span class='ocrx_word' id='word_1_169' title='bbox 573 3469 681 3552; x_wconf 89' lang='lat' dir='ltr'><strong>esset,</strong></span> <span class='ocrx_word' id='word_1_170' title='bbox 718 3464 761 3530; x_wconf 93' lang='lat' dir='ltr'><strong>ad</strong></span> <span class='ocrx_word' id='word_1_171' title='bbox 794 3464 955 3532; x_wconf 92' lang='lat' dir='ltr'><strong>modicum</strong></span> <span class='ocrx_word' id='word_1_172' title='bbox 991 3466 1054 3531; x_wconf 87' lang='lat' dir='ltr'><strong>boc</strong></span> <span class='ocrx_word' id='word_1_173' title='bbox 1086 3467 1276 3533; x_wconf 73' lang='lat' dir='ltr'><strong>satisdandi</strong></span> <span class='ocrx_word' id='word_1_174' title='bbox 1311 3490 1398 3538; x_wconf 92' lang='lat' dir='ltr'><strong>onus</strong></span> 
     </span>
     <span class='ocr_line' id='line_1_27' title="bbox 327 3585 1397 3674; baseline 0.007 -24"><span class='ocrx_word' id='word_1_175' title='bbox 327 3606 388 3671; x_wconf 94' lang='lat' dir='ltr'><strong>pro</strong></span> <span class='ocrx_word' id='word_1_176' title='bbox 411 3594 570 3672; x_wconf 86' lang='lat' dir='ltr'><strong>suspecta</strong></span> <span class='ocrx_word' id='word_1_177' title='bbox 592 3604 737 3670; x_wconf 90' lang='lat' dir='ltr'><strong>persona</strong></span> <span class='ocrx_word' id='word_1_178' title='bbox 760 3585 957 3672; x_wconf 84' lang='lat' dir='ltr'><strong>baberetur,</strong></span> <span class='ocrx_word' id='word_1_179' title='bbox 982 3587 1120 3653; x_wconf 90' lang='lat' dir='ltr'><strong>eundem</strong></span> <span class='ocrx_word' id='word_1_180' title='bbox 1143 3588 1208 3655; x_wconf 90' lang='lat' dir='ltr'><strong>hoc</strong></span> <span class='ocrx_word' id='word_1_181' title='bbox 1231 3592 1309 3674; x_wconf 85' lang='lat' dir='ltr'><strong>ipso</strong></span> <span class='ocrx_word' id='word_1_182' title='bbox 1333 3594 1397 3658; x_wconf 87' lang='lat' dir='ltr'><strong>lam</strong></span> 
     </span>
     <span class='ocr_line' id='line_1_28' title="bbox 327 3707 1397 3792; baseline 0.007 -21"><span class='ocrx_word' id='word_1_183' title='bbox 327 3712 477 3792; x_wconf 90' lang='lat' dir='ltr'><strong>tempore</strong></span> <span class='ocrx_word' id='word_1_184' title='bbox 509 3711 609 3792; x_wconf 87' lang='lat' dir='ltr'><strong>atque</strong></span> <span class='ocrx_word' id='word_1_185' title='bbox 638 3709 681 3772; x_wconf 93' lang='lat' dir='ltr'><strong>ob</strong></span> <span class='ocrx_word' id='word_1_186' title='bbox 708 3726 804 3771; x_wconf 91' lang='lat' dir='ltr'><strong>unam</strong></span> <span class='ocrx_word' id='word_1_187' title='bbox 832 3707 919 3771; x_wconf 87' lang='lat' dir='ltr'><strong>illam</strong></span> <span class='ocrx_word' id='word_1_188' title='bbox 942 3726 1093 3773; x_wconf 88' lang='lat' dir='ltr'><strong>caussam</strong></span> <span class='ocrx_word' id='word_1_189' title='bbox 1116 3728 1230 3774; x_wconf 90' lang='lat' dir='ltr'><strong>eorum</strong></span> <span class='ocrx_word' id='word_1_190' title='bbox 1254 3732 1397 3779; x_wconf 91' lang='lat' dir='ltr'><strong>numero</strong></span> 
     </span>
     <span class='ocr_line' id='line_1_29' title="bbox 329 3827 1398 3911; baseline 0.008 -20"><span class='ocrx_word' id='word_1_191' title='bbox 329 3827 449 3908; x_wconf 86' lang='lat' dir='ltr'><strong>luisse,</strong></span> <span class='ocrx_word' id='word_1_192' title='bbox 486 3830 539 3911; x_wconf 88' lang='lat' dir='ltr'><strong>qui</strong></span> <span class='ocrx_word' id='word_1_193' title='bbox 570 3829 602 3890; x_wconf 93' lang='lat' dir='ltr'><strong>in</strong></span> <span class='ocrx_word' id='word_1_194' title='bbox 631 3846 726 3892; x_wconf 88' lang='lat' dir='ltr'><strong>omne</strong></span> <span class='ocrx_word' id='word_1_195' title='bbox 749 3829 838 3892; x_wconf 87' lang='lat' dir='ltr'><strong>uitae</strong></span> <span class='ocrx_word' id='word_1_196' title='bbox 860 3832 990 3911; x_wconf 87' lang='lat' dir='ltr'><strong>tempus</strong></span> <span class='ocrx_word' id='word_1_197' title='bbox 1012 3831 1260 3898; x_wconf 87' lang='lat' dir='ltr'><strong>existimatione</strong></span> <span class='ocrx_word' id='word_1_198' title='bbox 1284 3834 1398 3901; x_wconf 83' lang='lat' dir='ltr'><strong>fama-</strong></span> 
     </span>
     <span class='ocr_line' id='line_1_30' title="bbox 329 3945 1397 4035; baseline 0.011 -25"><span class='ocrx_word' id='word_1_199' title='bbox 329 3966 391 4031; x_wconf 86' lang='lat' dir='ltr'><strong>que</strong></span> <span class='ocrx_word' id='word_1_200' title='bbox 415 3945 582 4030; x_wconf 88' lang='lat' dir='ltr'><strong>desllluli,</strong></span> <span class='ocrx_word' id='word_1_201' title='bbox 604 3949 783 4034; x_wconf 81' lang='lat' dir='ltr'><strong>ignominia</strong></span> <span class='ocrx_word' id='word_1_202' title='bbox 806 3951 927 4034; x_wconf 89' lang='lat' dir='ltr'><strong>notati,</strong></span> <span class='ocrx_word' id='word_1_203' title='bbox 951 3948 1092 4035; x_wconf 82' lang='lat' dir='ltr'><strong>denique</strong></span> <span class='ocrx_word' id='word_1_204' title='bbox 1117 3952 1250 4034; x_wconf 89' lang='lat' dir='ltr'><strong>publico</strong></span> <span class='ocrx_word' id='word_1_205' title='bbox 1273 3956 1397 4021; x_wconf 91' lang='lat' dir='ltr'><strong>ciuium</strong></span> 
     </span>
    </p>
   </div>
   <div class='ocr_carea' id='block_1_4' title="bbox 364 4210 1172 4280">
    <p class='ocr_par' dir='ltr' id='par_1_8' title="bbox 364 4210 1172 4280">
     <span class='ocr_line' id='line_1_31' title="bbox 364 4210 1172 4280; baseline 0.007 -19"><span class='ocrx_word' id='word_1_206' title='bbox 364 4212 408 4274; x_wconf 76' lang='lat'><strong>²0)</strong></span> <span class='ocrx_word' id='word_1_207' title='bbox 429 4213 506 4262; x_wconf 82' lang='lat' dir='ltr'><strong>Conl.</strong></span> <span class='ocrx_word' id='word_1_208' title='bbox 530 4226 609 4275; x_wconf 86' lang='lat' dir='ltr'><strong>supra</strong></span> <span class='ocrx_word' id='word_1_209' title='bbox 628 4210 656 4274; x_wconf 60' lang='grc' dir='ltr'><strong>ἕ.</strong></span> <span class='ocrx_word' id='word_1_210' title='bbox 677 4215 701 4263; x_wconf 91' lang='lat' dir='ltr'><strong>l.</strong></span> <span class='ocrx_word' id='word_1_211' title='bbox 724 4230 749 4276; x_wconf 93' lang='lat' dir='ltr'><strong>p.</strong></span> <span class='ocrx_word' id='word_1_212' title='bbox 768 4216 810 4263; x_wconf 74' lang='lat'><strong>21.</strong></span> <span class='ocrx_word' id='word_1_213' title='bbox 922 4214 967 4277; x_wconf 77' lang='lat'><strong>21)</strong></span> <span class='ocrx_word' id='word_1_214' title='bbox 987 4214 1014 4276; x_wconf 65' lang='lat' dir='ltr'><strong>S.</strong></span> <span class='ocrx_word' id='word_1_215' title='bbox 1035 4218 1059 4266; x_wconf 86' lang='grc'><strong>3.</strong></span> <span class='ocrx_word' id='word_1_216' title='bbox 1083 4232 1108 4280; x_wconf 94' lang='lat' dir='ltr'><strong>p.</strong></span> <span class='ocrx_word' id='word_1_217' title='bbox 1129 4219 1172 4267; x_wconf 70' lang='lat'><strong>¹12.</strong></span> 
     </span>
    </p>
   </div>
   <div class='ocr_carea' id='block_1_5' title="bbox 0 0 1568 5046">
    <p class='ocr_par' dir='ltr' id='par_1_9' title="bbox 0 0 1568 5046">
     <span class='ocr_line' id='line_1_32' title="bbox 0 0 1568 5046; baseline 0 0"><span class='ocrx_word' id='word_1_218' title='bbox 0 0 1568 5046; x_wconf 95' lang='lat' dir='ltr'><strong> </strong></span> 
     </span>
    </p>
   </div>
  </div>
 </body>
</html>
