3114 5046
199 583 296 623 Fcrmuia

170 643 192 681 ia
206 639 306 680 inmitia-

169 702 272 749 concapit

339 387 401 450 not
473 363 569 467 Gap.
589 363 625 437 1.
679 361 738 437 Do
763 365 848 437 iare
872 384 1034 436 coccosoc
1059 358 1278 437 manaa

404 555 493 639 Quid
514 546 655 621 autern?
683 549 723 621 Si
745 552 819 639 quis
840 553 874 617 ui
897 551 1084 617 hominibus
1101 553 1242 618 armatis
1257 554 1405 620 coactis-

338 698 380 746 uc
402 678 445 744 de
468 677 572 743 tundo
595 675 745 742 deiectus
766 676 828 761 sit,
854 693 932 738 num
958 674 990 739 ei
1012 692 1146 760 quoquc
1168 692 1230 758 per
1251 673 1405 740 iudicium

337 802 505 887 publicum
527 800 664 885 eiusque
685 798 756 863 litis
781 797 1046 863 aestimationem
1073 796 1231 863 satisfieri
1255 789 1406 883 poterit?

400 922 478 988 Non
500 923 628 1006 opinor.
671 919 804 986 Etenim
830 936 895 986 nec
924 917 1085 987 credibile
1114 921 1186 1009 est,
1216 921 1254 984 iu
1284 918 1404 986 iudicio

336 1043 471 1129 publico
494 1044 600 1128 ipsius
621 1041 736 1129 tundi,
757 1040 800 1107 de
822 1061 888 1127 quo
910 1041 967 1106 iiie
989 1039 1142 1107 deiectus
1162 1044 1235 1128 est,
1264 1058 1404 1126 posses-

336 1166 484 1231 siontsue
512 1163 606 1230 tundi
634 1167 761 1231 certum
788 1164 931 1250 pretium
959 1163 1120 1229 constitui
1146 1165 1252 1248 atque
1281 1161 1405 1228 inlitis

337 1287 569 1352 aestimatione
591 1286 775 1371 computari
803 1286 936 1351 solitum
958 1302 1053 1370 esse,
1086 1286 1122 1349 et
1147 1286 1314 1350 uniuersa
1339 1302 1404 1369 pu·

336 1408 414 1474 biici
446 1406 557 1473 iudicii
588 1411 710 1473 natura
739 1408 838 1473 etiam
865 1407 968 1472 mutto
998 1406 1106 1471 minus
1132 1404 1218 1472 illud
1245 1406 1343 1492 tulit,
1367 1407 1403 1471 ut

335 1529 515 1594 restituere
538 1527 674 1593 fundum
701 1548 780 1594 reus
808 1530 881 1595 siue
910 1506 1154 1609 aouaesito'rc
1175 1529 1252 1593 siue
1274 1545 1297 1592 a
1318 1545 1401 1594 con·

336 1650 411 1713 silio
434 1648 614 1715 iuberetur.
654 1648 710 1715 Ex
731 1667 797 1734 quo
820 1650 1031 1733 perspicuum
1054 1651 1125 1738 eat,
1149 1649 1341 1735 quicunque
1361 1648 1399 1713 de

337 1769 442 1836 tundo
471 1773 503 1835 ui
537 1770 725 1839 horninibus
756 1773 893 1839 armatis
924 1772 1097 1837 coactisue
1119 1767 1275 1837 deiectus
1303 1771 1400 1856 esset,

338 1895 385 1980 ei,
413 1894 487 1958 siue
507 1894 641 1978 publico
664 1892 785 1960 iudicio
808 1895 1020 1979 experiretur
1039 1894 1112 1959 siue
1133 1911 1204 1958 non
1225 1893 1398 1978 experire-

337 2017 403 2101 tur,
423 2016 539 2100 utique
559 2013 604 2080 ad
622 2014 886 2101 recuperandam
903 2013 997 2080 tundi
1019 2015 1271 2099 possessionem
1292 2017 1399 2081 irater·

215 2148 217 2154 ’
337 2136 431 2202 dicto
454 2155 539 2221 opus
561 2137 676 2202 tuisse.

401 2255 489 2338 Quid
510 2260 623 2323 mirum
647 2259 766 2345 igitur,
788 2258 919 2325 domitat
940 2275 1117 2344 personam
1138 2256 1206 2325 hoc
1222 2255 1397 2324 interdicto

336 2380 523 2465 contineri,
544 2379 602 2444 illa
624 2382 758 2445 actione
779 2399 847 2445 non
869 2371 1063 2446 contineri?

400 2501 562 2567 Fortasse
584 2500 665 2566 illud
687 2521 819 2587 quoquc
840 2500 1027 2568 addendum
1049 2502 1123 2588 erit,
1144 2518 1190 2568 ne
1206 2499 1397 2587 praeiudicii

337 2621 467 2708 quidem
489 2624 688 2711 periculum,
718 2622 805 2706 quod
827 2641 870 2689 ne
892 2624 1025 2709 publico
1048 2622 1170 2690 iudicio
1198 2623 1317 2709 deret,
1341 2640 1396 2690 cu-

335 2745 516 2809 riosissime
551 2744 709 2809 uidentur
744 2746 888 2811 Veteres
924 2739 1187 2831 obseruassew),
1221 2743 1394 2811 interdicto

335 2866 487 2950 affuisse,
515 2885 612 2951 quum
642 2865 675 2929 id
698 2885 764 2932 una
786 2868 925 2933 formula
948 2873 1014 2933 tarn
1037 2866 1203 2933 dominum
1228 2886 1326 2954 quam
1346 2865 1395 2931 ia·

334 2989 454 3053 milium
477 2991 793 3074 procuratoremque
815 2989 1019 3055 distoncttm
1040 2982 1394 3073 comprehenderet⁴¹)‚

334 3127 375 3175 ae
397 3112 597 3194 propterea,
620 3112 748 3175 etiamsi
770 3113 867 3175 actor
888 3111 1041 3198 uicisset,
1071 3109 1153 3174 nihil
1176 3113 1292 3176 tamen
1313 3106 1392 3174 iudi-

333 3234 443 3297 catum
473 3234 580 3315 esset,
608 3232 672 3295 nisi
701 3250 773 3296 eum
805 3233 934 3317 quicum
967 3234 1081 3320 agitur
1110 3251 1181 3296 non
1210 3232 1391 3298 restituisse

332 3358 480 3419 actorem
504 3372 555 3439 eo,
573 3353 661 3417 unde
683 3355 716 3417 ui
735 3352 920 3419 hominibus
936 3353 1065 3419 coactis
1086 3353 1272 3419 armatisuc
1292 3356 1388 3420 acto

331 3492 369 3539 sc
387 3478 453 3539 out
470 3494 493 3538 o
513 3472 656 3555 familia
674 3481 738 3541 aut
759 3495 783 3539 o
805 3478 1034 3561 promcrotorc
1052 3472 1205 3541 deiectus
1220 3467 1385 3542 fuisset⁴²t

394 3589 466 3661 Sed
487 3596 573 3660 satis
594 3593 636 3661 de
658 3595 722 3662 hoc
744 3597 819 3662 ioco
842 3595 1047 3681 disputatum
1070 3598 1134 3662 est.

363 3853 410 3917 oo)
436 3855 511 3918 oure
539 3856 572 3906 aa
601 3842 646 3906 nrt
670 3859 728 3907 rurs
760 3858 831 3919 spuo
890 3858 997 3910 concur.
1035 3855 1112 3907 conr.
1132 3861 1215 3908 eoram
1239 3856 1272 3906 os
1290 3853 1373 3905 rosso

329 3945 533 3995 iurisconsultus
557 3952 662 3996 nostros
689 3953 833 3997 occurrunt
889 3947 925 4006 ΙΙ,
937 3947 981 3996 20.

328 4028 592 4094 (uid.sup.uott.32.
603 4033 669 4093 33.),
685 4048 715 4086 ea
727 4039 830 4087 nonnisi
921 4032 967 4098 ta)
993 4034 1054 4085 vid.
1068 4049 1127 4098 sup.
1143 4035 1204 4085 Lib.
1219 4035 1254 4084 ΙΙ.
1277 4027 1335 4097 Μ·
1350 4035 1368 4083 i·

326 4128 421 4172 tenues
435 4122 562 4185 reliquias
576 4129 603 4173 et
624 4126 734 4187 uestigia
750 4139 831 4187 quae·
888 4123 950 4174 aad.
964 4138 1022 4187 seq.

327 4210 387 4259 dam
405 4215 507 4275 antiqui
527 4214 619 4274 rigoris
633 4217 770 4266 continere
791 4218 830 4266 ut·
922 4209 966 4275 ta)
992 4213 1151 4275 Priusquam
1166 4211 1233 4261 Μ.
1258 4198 1364 4267 Datim·
