3114 5046
247 361 285 438 ς.
305 347 347 424 2.
405 346 492 439 Quo
514 351 600 423 iure
624 344 689 420 Ν’.
712 347 810 421 borao
839 346 901 435 0⁶⁵.
924 331 1146 448 possederit.
1198 350 1238 415 5⁹

172 539 235 604 bus
267 537 414 624 undique
445 539 569 604 licebat
596 555 793 624 accurrere,
823 540 941 625 atque,
957 582 962 594 .
976 543 1015 603 ut
1049 540 1135 605 bona
1167 541 1240 606 eiua
1258 539 1337 633 „53¹
1357 541 1407 578 ³⁸¹¹·

174 661 403 746 possiderent,
425 652 624 745 postolare?

233 785 337 848 Immo
359 784 449 847 iusta
470 800 593 847 caussa
615 782 862 866 postulantibus
883 801 969 866 opus
990 786 1073 848 erat.

235 901 332 985 Quae
353 904 459 992 igitur
479 921 602 969 caussa
621 909 718 970 tauta
740 922 815 975 crae
837 896 1041 970 uidebatur?

236 1025 417 1090 Enimuero
439 1025 680 1108 creditoribus,
701 1029 755 1090 ret
774 1025 972 1091 seruandae
992 1045 1135 1107 caussa,
1157 1044 1240 1110 pos-

172 1144 303 1211 sidendi
339 1144 422 1210 illud
454 1144 687 1231 uendendiqne
708 1147 803 1212 lusa
832 1145 997 1213 Praetore
1025 1149 1240 1214 constitutum

172 1273 256 1333 erut.
297 1268 418 1353 ltaque
439 1268 648 1333 creditorem
669 1285 745 1333 esse
768 1269 964 1353 oportebat,
986 1270 1040 1355 qui
1061 1288 1104 1334 ex
1117 1268 1240 1337 Edicto

173 1390 260 1455 bona
282 1387 457 1474 possidere
480 1389 680 1474 postularet.

235 1507 311 1591 Qua
339 1512 375 1574 in
402 1527 440 1575 re
473 1513 583 1575 tamen
611 1508 789 1576 creditoris
817 1529 937 1576 nomen
967 1511 1069 1577 latius
1100 1515 1135 1577 et
1166 1529 1240 1578 cum

173 1630 314 1716 quadam
345 1633 545 1697 extensione
576 1633 821 1716 accipiebatur:
852 1652 991 1719 aequum
1024 1635 1110 1698 enim
1142 1632 1242 1699 uide-

175 1755 287 1836 batur,
309 1757 346 1817 nt
368 1753 400 1818 ei
422 1771 554 1839 quoque
575 1772 632 1819 res
650 1757 844 1819 seruaretur
858 1755 1106 1840 periculumque
1120 1753 1241 1840 depel-

174 1876 315 1959 leretur,
337 1877 393 1960 qui
413 1875 533 1939 iustam
555 1893 648 1960 spem
676 1878 785 1964 magis
807 1893 903 1962 qoam
928 1878 1055 1941 certum
1083 1878 1136 1941 ius
1161 1894 1241 1942 cre-

174 1995 232 2060 diti
265 2000 388 2063 nactus
421 1997 494 2081 pari
525 1994 622 2061 modo
654 1997 774 2061 iniuria
804 1995 881 2062 inde
911 1997 1119 2083 alliceretur,
1150 1995 1241 2082 quod

174 2117 359 2183 aduersarii
381 2118 444 2183 sibi
467 2120 620 2203 potestas
639 2136 706 2183 non
722 2117 826 2185 lieret.
839 2152 882 2164 ·-
903 2120 1023 2203 Itaque
1037 2117 1240 2184 creditorum

174 2240 247 2306 loco
262 2238 415 2305 uidemus
429 2239 464 2303 in
479 2237 544 2305 boc
557 2240 630 2305 iure
644 2237 761 2305 baberi
776 2259 845 2323 eos
866 2240 987 2330 pacibus
1001 2240 1241 2306 uadimonium

175 2361 351 2428 deacrtm
371 2364 435 2450 ait,
459 2361 637 2445 quinetiam
658 2362 744 2427 allos
760 2363 891 2428 incerto
910 2360 1030 2428 crediti
1046 2363 1119 2428 iure
1136 2379 1240 2448 prae-

176 2479 281 2566 ditos,
306 2482 411 2547 ueluti
439 2483 558 2567 quibus
584 2483 650 2550 sub
677 2481 876 2549 condicione
905 2484 1048 2566 pecunia
1075 2485 1241 2567 promissa

176 2604 235 2684 sit,
258 2607 296 2669 et
317 2622 350 2688 q.
369 2623 405 2693 g.
425 2621 457 2668 a.
469 2599 509 2678 ³²)

235 2761 396 2846 Apparet
415 2763 534 2849 igitur,
556 2761 679 2849 duplici
698 2761 838 2848 quadam
860 2761 1058 2829 condicione
1079 2762 1240 2827 bonorum

176 2883 253 2948 illud
270 2881 548 2968 possidendorum
566 2885 619 2949 ius
633 2902 830 2968 suspensum
850 2883 970 2971 fuisse,
992 2880 1241 2969 primoquidem

177 3024 215 3068 ex
238 3022 388 3089 persona
405 3005 494 3088 eius,
516 3008 614 3070 catus
635 3006 678 3070 de
698 3005 797 3071 boaria
817 3009 998 3092 operetur,
1026 3002 1184 3070 uidelicet
1204 3008 1241 3068 ut

177 3128 207 3189 in
222 3129 369 3211 quatuor
385 3126 513 3191 illarum
529 3126 750 3192 clausularum
767 3126 908 3210 aliquam
923 3124 1113 3211 incidisset,
1134 3126 1243 3191 altera

178 3267 254 3312 uero
284 3266 329 3312 ex
359 3265 506 3331 persona
531 3248 623 3332 eius,
662 3253 720 3336 qut
746 3247 960 3336 postularet,
996 3246 1168 3334 uidelicet,
1203 3251 1241 3311 ut

178 3371 294 3434 iustam
324 3369 390 3434 sibi
414 3366 606 3453 postulandi
639 3386 789 3434 caussam
824 3387 901 3433 esse
930 3387 974 3434 ex
1001 3388 1042 3434 eo
1065 3369 1241 3453 probaret,

178 3489 262 3573 qood
277 3494 339 3556 aut
353 3489 501 3555 creditor
516 3493 623 3570 esset,
645 3493 704 3555 aut
721 3488 899 3557 creditoris
914 3493 1025 3555 tamen
1041 3491 1118 3557 loco
1133 3489 1241 3556 habe-

179 3616 290 3696 retur,
322 3613 498 3697 utromque
532 3614 642 3676 autem
676 3631 788 3696 genus
819 3613 853 3676 in
882 3613 1057 3697 proposita
1089 3613 1241 3678 oratione

210 3855 255 3913 32)
273 3853 305 3902 L.
325 3853 352 3903 6.
373 3867 414 3915 pr.
429 3852 510 3915 Quib.
525 3866 557 3903 ex
575 3867 635 3903 cau.
653 3855 680 3903 in
737 3852 877 3916 quaeritur
906 3857 1014 3915 propter
1040 3851 1070 3899 L.
1095 3865 1158 3914 pen.
1178 3853 1239 3904 eod.

183 3957 220 4004 po.
241 3958 267 3994 a.
286 3943 428 3998 tl’aullusl.
467 3942 516 3991 aln
536 3942 681 4005 possessio·
737 3940 816 3992 Coni.
840 3941 870 3989 L.
900 3940 928 3989 7.
959 3936 1008 4001 95.
1038 3938 1081 3988 ld·
1107 3940 1151 3990 15.
1178 3941 1240 3991 eod.

185 4046 255 4081 anem
280 4033 348 4081 miili
372 4032 443 4081 solet
467 4030 600 4090 creditor,
631 4031 681 4079 etsi
738 4031 768 4080 L.
788 4030 832 4079 50.
861 4042 901 4090 pr.
938 4027 977 4077 lic
997 4027 1114 4090 peculio.
1146 4029 1178 4078 L.
1197 4030 1240 4079 10.

186 4123 243 4169 asub
260 4122 424 4171 condicione
444 4121 469 4168 ei
489 4120 604 4182 pecunia
623 4133 682 4182 pro·
738 4119 768 4167 L.
788 4119 832 4168 11.
855 4118 887 4166 L.
905 4116 950 4167 54.
970 4116 1000 4167 L.
1020 4116 1065 4167 55.
1102 4117 1142 4167 lie
1161 4117 1192 4168 V.
1212 4117 1240 4167 S.

189 4210 275 4260 «musa
300 4211 361 4260 sit.»
381 4234 410 4244 -
445 4208 504 4270 Qua
532 4209 565 4258 de
591 4208 682 4271 specie
738 4207 769 4257 L.
788 4207 833 4257 db.
854 4220 895 4269 pr.
932 4205 971 4255 lie
990 4203 1022 4254 0.
1041 4203 1117 4254 ota.
