3114 5046
336 395 378 457 2⁰
444 391 539 492 cap.
562 391 597 467 1.
649 387 710 466 Dc
734 393 821 466 inco
843 408 1003 466 caussae
1028 387 1292 478 Quinctianae.

170 581 248 679 ‚32¹³
264 595 318 634 Ψ·
340 583 581 654 metensem
607 582 774 649 indictum
800 585 899 669 prinus
925 582 968 647 dc
995 580 1120 667 probro
1151 599 1255 669 penna
1286 579 1331 645 de
1357 597 1397 643 rc

338 704 527 770 eminenti
544 701 655 790 fieri.”

398 824 530 891 Etenim
546 844 617 891 earn
632 824 765 891 uidetur
779 821 1007 890 demonstrare
1022 823 1310 910 consuetudinem,
1330 840 1396 908 qus

335 948 369 1010 in
391 943 558 1011 ordinario
581 947 781 1012 famosorum
803 945 995 1011 iudiciorum
1016 964 1160 1034 genere,
1188 964 1262 1012 cum
1287 946 1395 1030 ipsam

335 1065 441 1134 dere
471 1070 505 1132 et
531 1069 664 1133 actione
692 1066 999 1134 condemnationem
1027 1067 1206 1157 ignominia
1233 1068 1396 1152 sequatur

334 1179 462 1270 (aetati
476 1188 510 1252 in
526 1188 683 1274 mandati,
704 1188 854 1274 fiduciae,
876 1208 937 1273 pro
959 1191 1051 1256 socio
1075 1193 1109 1253 ct
1131 1188 1291 1253 similibus
1304 1187 1395 1253 scti-

333 1300 485 1397 onibus),
502 1307 544 1376 de
558 1310 647 1375 tama
658 1329 766 1396 neque
780 1312 949 1375 anteriore
964 1327 1072 1395 neque
1086 1310 1217 1375 omnino
1232 1309 1394 1394 peculiari

333 1433 511 1517 propriaue
532 1433 700 1497 sententia
721 1429 900 1517 iudicatur,
923 1433 1017 1497 immo
1034 1431 1143 1496 ismae
1160 1429 1395 1496 detrimentum

332 1554 507 1637 principali
529 1551 649 1618 iudicio
672 1554 745 1637 ipso
769 1555 841 1618 iure
864 1554 1063 1619 continetur.

395 1674 628 1740 Verumtamen
660 1674 704 1739 ab
736 1672 895 1739 eiusmodi
923 1674 1124 1760 ignominiae
1155 1690 1276 1739 caussa
1309 1671 1393 1738 iracc

332 1796 464 1880 specics
484 1800 600 1860 nostro
622 1812 663 1859 eo
685 1793 812 1883 differt,
841 1791 928 1881 quod
958 1813 1069 1860 carum
1098 1813 1234 1860 numero
1253 1796 1314 1877 sit,
1336 1793 1392 1859 abi

331 1920 384 1985 ret
395 1917 504 2007 magis
516 1914 680 2006 factoque
695 1934 790 2001 quarn
805 1916 933 1981 indicto
947 1919 981 1981 et
991 1916 1271 1982 corodernnnttoni
1283 1915 1392 1981 iamne

331 2037 560 2105 detrimentum
585 2040 695 2103 inesse
717 2040 870 2123 putatur,
901 2056 965 2122 quo
993 2055 1119 2127 genere
1144 2054 1285 2102 consue
1313 2039 1393 2102 sunt

331 2161 419 2246 eius,
448 2160 503 2244 qai
526 2176 668 2244 corpore
690 2162 862 2243 quaestum
885 2158 1020 2244 iecerit,
1043 2161 1141 2243 quiae
1160 2159 1393 2223 lanistatursm

331 2283 479 2346 artemue
514 2278 673 2345 iudtcranr
710 2279 846 2365 iecerit,
882 2281 1036 2366 aliaeque
1064 2273 1321 2365 compiurcs²⁴);
1358 2281 1392 2342 in

331 2402 449 2487 quibus
464 2400 628 2484 omnibus,
644 2399 816 2465 dummodo
832 2399 874 2466 dc
891 2403 981 2467 iacto
996 2404 1185 2487 constaret,
1207 2399 1290 2464 nihii
1305 2419 1393 2486 opus

331 2524 393 2589 suit
414 2541 481 2587 non
507 2520 604 2587 modo
631 2521 907 2588 condemnatione
934 2521 1064 2588 sedne
1093 2520 1214 2588 iudicio
1243 2521 1394 2608 quidem3

328 2643 495 2730 adeoque,
527 2644 582 2710 ubi
613 2648 752 2730 propter
780 2645 860 2710 tacti
892 2641 1157 2710 incertitudinem
1185 2640 1392 2728 praeiudicio

329 2767 424 2832 iocus
446 2770 553 2850 esset,
575 2785 682 2851 neque
704 2767 811 2854 magis
832 2784 910 2847 reo,
931 2767 960 2830 si
982 2767 1164 2851 sponsione
1186 2763 1393 2832 condemna-

330 2890 439 2973 retur,
475 2905 570 2973 quam
597 2894 727 2974 arton,
759 2890 878 2954 contra
911 2904 1006 2972 qoem
1038 2887 1207 2952 sententio
1239 2885 1392 2974 duretur,

331 3011 511 3095 ignominia
532 3010 736 3090 imminebat,
758 3027 865 3092 neque
888 3009 1019 3073 omnino
1039 3010 1101 3073 nisi
1116 3009 1296 3093 improprie
1311 3027 1393 3074 ora-

330 3132 460 3195 toriauc
482 3130 621 3215 quodam
644 3131 778 3195 licentia
801 3128 864 3195 dici
889 3133 1002 3215 potest
1022 3134 1091 3217 ipsi
1111 3130 1240 3195 iudicio
1268 3130 1394 3196 existi-

331 3252 483 3316 matronis
506 3251 684 3334 periculum
708 3253 828 3317 inesse.
870 3249 945 3332 Qua
974 3249 1131 3334 loquendi
1160 3250 1266 3316 torma
1293 3268 1391 3337 quum

330 3372 445 3438 libere
456 3371 583 3437 Toriiius
604 3374 638 3435 in
653 3370 865 3437 defendendo
881 3369 1037 3453 QuinctIo
1051 3376 1182 3458 utetur,
1204 3370 1393 3437 omnimodo

330 3490 499 3559 sciendum
522 3497 588 3572 cst,
609 3492 714 3575 hunc,
740 3497 769 3559 si
790 3495 972 3578 sponsione
992 3511 1054 3558 sua
1076 3494 1246 3579 uincetur,
1274 3492 1394 3559 eadem

331 3615 478 3680 tatarum
499 3633 575 3680 esse
597 3616 792 3704 ignominia,
814 3634 879 3699 que
900 3613 1086 3679 iamdudum
1108 3631 1184 3680 esse
1205 3616 1393 3702 putaretur,

331 3737 360 3801 si
382 3735 424 3802 de
446 3737 659 3821 possessione
681 3737 840 3802 bonorum
863 3737 955 3820 prius
981 3736 1200 3802 constitisset

395 3860 465 3923 ism
487 3877 566 3923 uero
589 3859 689 3925 tacite
710 3861 867 3943 apparet,
897 3877 993 3943 quum
1019 3855 1133 3923 endem
1161 3857 1219 3922 iile
1247 3875 1394 3942 posscs-

367 4145 412 4200 ut)
431 4143 509 4197 Comi.
530 4145 609 4208 Legis
635 4145 721 4196 iaiiac
746 4146 834 4195 moni·
883 4126 916 4197 'ei
933 4144 1248 4209 L.1.‘liehisqainot.
1271 4146 1338 4198 inis.

335 4233 430 4296 cipaiis
440 4232 516 4297 (Teio.
528 4234 727 4291 Heracleensis)
737 4248 762 4284 c.
770 4233 831 4285 8.-
1073 4232 1081 4247 '
