3114 5046
312 336 351 412 s.
379 324 415 398 1.
467 322 530 399 De
553 325 779 401 hereditatis
804 331 1077 404 conhoucraa'u.
1176 328 1236 392 atii

236 521 364 606 Quodsi
394 523 559 609 probabili
586 524 727 610 quadam
755 526 817 591 uel·
845 525 931 593 adeo
961 527 1152 594 necessaria
1179 544 1239 592 ra-
1273 533 1406 643 ξω

174 647 266 711 tione
293 646 463 712 extricare
491 648 716 731 potuerimus,
752 665 864 713 nonne
887 649 985 713 etiam
1006 649 1162 714 lectionis
1183 651 1238 714 iu-

173 765 297 834 dicatio
318 768 445 833 certior
466 767 664 853 faciliorque
685 759 870 834 nanetus?

236 926 317 1015 Age
346 944 428 992 uero
460 926 532 1006 iao,
569 926 601 991 id
625 926 713 1013 quod
738 927 887 1014 plerique
911 925 1080 1014 uolunt⁵),
1115 927 1237 996 Aebu—
1273 945 1392 985 an.a..=

173 1053 260 1114 mm
291 1048 421 1112 nomine
448 1046 582 1113 heredia
614 1049 773 1114 arbitrum
813 1050 959 1116 familiae
996 1050 1237 1118 herciscundae

174 1169 383 1256 postulasse,
404 1167 546 1234 'l'uiiium
568 1173 678 1235 autem
702 1168 766 1239 hoc
785 1171 883 1237 nohis
897 1189 1035 1238 narrare
1042 1191 1053 1258 ;
1075 1190 1237 1259 quaenam

173 1289 250 1356 inde
273 1291 424 1357 nascitur
453 1294 519 1355 tam
548 1309 688 1357 caussae
719 1310 814 1376 quam
838 1291 1011 1358 Tullianae
1034 1294 1238 1361 narrationis

171 1411 474 1498 disputationlaque
496 1402 631 1501 figura?

234 1530 396 1600 Ostendit
417 1533 547 1600 scilicet
569 1536 701 1616 orator,
731 1533 928 1621 Aebutium,
949 1535 1085 1602 heredia
1105 1539 1237 1604 nomine

172 1652 338 1739 mustum,
363 1653 540 1720 uniuersae
560 1653 738 1722 hereditati
757 1653 879 1740 cupide
897 1675 935 1722 se
951 1657 1184 1742 immiscuisse,
1203 1661 1237 1724 et

172 1779 237 1842 iam
259 1775 415 1865 auidum,
437 1783 503 1845 tam
525 1766 758 1870 arrogantem,
786 1783 854 1844 tam
876 1778 1050 1843 molestum
1073 1781 1237 1864 importu-

172 1917 315 1983 numque
343 1918 381 1966 se
408 1901 621 1988 praebuisse,
658 1919 754 1986 quam
783 1902 812 1966 si
847 1919 890 1965 ex
930 1897 1064 1964 dimidia
1096 1901 1236 1967 simillae

172 2022 268 2104 parte
286 2021 461 2087 institutus
482 2025 588 2088 essct:
610 2022 789 2108 quinetiam
811 2000 851 2088 eo
874 2022 1073 2088 insolentiae
1095 2040 1237 2107 proces-

172 2143 273 2228 siase,
294 2144 333 2206 ut
354 2141 499 2208 familiae
521 2141 763 2210 herciscundae
784 2144 950 2209 actionem
971 2142 1172 2211 intenderet.

231 2256 414 2329 Sententia
437 2267 545 2354 magis
566 2263 741 2331 recondita
763 2264 848 2332 haec
869 2265 943 2331 iere
966 2265 1083 2331 luerit:

231 2381 299 2467 Qui
328 2402 348 2450 e
375 2388 474 2452 sexta
504 2386 622 2453 unciae
652 2389 749 2473 parte
770 2386 870 2453 heres
892 2392 945 2453 est
967 2387 1131 2473 scriptus,
1168 2406 1236 2452 non

173 2510 235 2571 iam
268 2509 316 2572 rei
349 2525 445 2592 quam
476 2506 613 2573 honoris
643 2526 763 2574 caussa
797 2506 932 2573 heredis
962 2509 1094 2572 nomine
1131 2508 1235 2572 uenit.

172 2627 279 2694 liccat
300 2629 405 2718 igitur
432 2626 521 2695 hunc
543 2630 707 2713 primariis
730 2629 882 2714 aerisque
905 2626 1085 2694 heredibus
1102 2626 1236 2713 puden-

172 2751 222 2815 icr
244 2750 438 2836 permittere
460 2750 550 2815 bona
571 2768 643 2817 cum
666 2748 927 2815 administranda
949 2753 1016 2815 tum
1040 2748 1234 2836 diuidenda,

172 2871 388 2957 modesteque
411 2875 603 2938 contentum
626 2888 712 2954 ease,
740 2878 864 2936 certam
888 2869 1050 2955 quandam
1073 2872 1235 2956 pecuniae

172 3011 328 3058 summam
348 2993 489 3059 aliamue
511 3011 580 3057 rem
604 3010 665 3077 pro
688 2993 919 3076 portiunculae
941 2991 1038 3057 modo
1061 3011 1103 3058 ex
1126 3011 1234 3080 aequo

173 3119 204 3179 et
236 3116 328 3180 hono
360 3113 424 3178 sibi
456 3114 603 3178 attribui.
663 3112 694 3178 li
727 3112 861 3179 diuerso
890 3111 1020 3179 ridiculi
1054 3131 1095 3180 ac
1126 3132 1235 3199 paene

173 3235 312 3322 inprobi
336 3234 476 3300 hominis
503 3239 573 3324 est,
596 3234 756 3300 honorem
779 3234 887 3323 iilum,
910 3252 1005 3321 quem
1037 3238 1181 3302 testator
1202 3237 1233 3300 el

176 3356 310 3440 habuit,
352 3359 386 3421 in
425 3355 626 3423 coheredum
665 3355 904 3424 incommodum
936 3360 1070 3424 uertere
1111 3375 1235 3444 cosque

175 3481 274 3545 omlis
294 3479 529 3545 calumniarum
552 3477 669 3569 liguris
689 3477 774 3545 adeo
796 3495 940 3565 neure,
963 3481 1001 3544 ut
1015 3477 1235 3565 depellendae

207 3740 231 3803 5)
250 3741 282 3790 in
303 3740 371 3791 hanc
390 3742 551 3792 sententiam
576 3740 674 3791 discos·
730 3740 828 3799 undar,
849 3738 950 3788 lordum
973 3735 1000 3801 (i.
1016 3738 1033 3788 i.
1048 3750 1075 3800 p.
1089 3735 1138 3803 6.),
1172 3737 1235 3789 liat-

183 3836 264 3880 amnt
280 3830 433 3892 orphellus
451 3824 672 3893 (luitqumento)
730 3829 790 3877 aios
812 3824 855 3889 (li.
877 3826 928 3883 Pru
943 3827 976 3876 li.
997 3839 1024 3889 p.
1051 3823 1144 3891 aaa),
1172 3825 1236 3879 isio.

185 3916 304 3978 Mnus,
324 3917 506 3974 ilotoraoaos.
524 3918 672 3975 Munatius,
730 3918 798 3966 trior
817 3911 861 3979 (ad
880 3916 907 3965 h.
933 3915 951 3965 i.
978 3922 1004 3968 et
1025 3919 1052 3966 io
1071 3916 1186 3970 Prasiai.
1207 3928 1233 3977 p.

187 4003 376 4072 Paatoqothua,
394 4007 538 4061 amotos,
560 4007 626 4057 Cras
644 4004 672 4070 (l.
732 4001 819 4067 xiii.)
839 4003 1010 4055 Dramonnua
1029 4002 1056 4070 (i.
1077 4005 1094 4055 l.
1109 4006 1143 4054 Τ.
1161 4005 1192 4054 V.
1206 4016 1232 4065 p.

188 4091 201 4139 ¹·
216 4108 237 4156 p.
260 4095 287 4146 8.
312 4092 466 4157 33-35.),
487 4092 609 4144 Gtttciriua
629 4093 671 4159 (ad
731 4090 822 4154 atah
843 4092 959 4156 denique
983 4094 1106 4146 Editoras
1134 4097 1235 4143 tantum

189 4179 230 4246 iiiq.
249 4186 289 4243 Χ,
309 4187 335 4234 2.
357 4184 432 4235 Tom.
445 4183 492 4233 xi.
508 4197 534 4244 p.
547 4183 596 4243 3.),
618 4184 672 4234 Ost-
733 4195 785 4232 non
805 4195 907 4233 omncs.
