3112 5056
340 376 402 441 est
460 372 557 477 Gop.
585 375 620 450 i.
674 373 734 450 De
750 378 836 452 iore
854 399 1015 452 caussae
1033 374 1304 455 Ocectnianae.

172 579 397 690 1ν44ὶ444441ιςί4ιιιιῑ
429 576 622 668 inquilinus,
655 576 809 660 quirem
837 594 954 642 rursus
981 577 1097 643 elteri
1108 577 1276 643 iocsnerit
1305 579 1400 661 etque

172 698 253 745 444444
339 696 550 764 hebitendem
574 696 790 762 truendnmue
812 696 998 762 tradiderit

402 816 489 900 Quid
512 837 612 902 porro
634 819 662 882 si
685 818 825 884 colossus
846 819 903 884 iiie
925 820 980 884 uei
1000 819 1208 908 hipsiihiur,
1230 819 1288 886 uei
1308 821 1400 885 etism

338 938 623 1024 usufiuctucstus
645 930 743 1020 (nem
766 957 839 1004 eum
861 958 993 1025 quoque
1014 938 1079 1006 hoc
1101 941 1175 1007 ioco
1197 939 1326 1007 addere
1347 959 1402 1025 per

338 1078 390 1125 me
411 1050 532 1142 iicet),
560 1061 615 1146 qui
637 1059 775 1125 fundum
796 1059 943 1126 eedesue
965 1061 1020 1125 eiii
1043 1062 1217 1128 ioceuerst
1239 1066 1277 1127 et
1299 1060 1402 1127 tredi-

339 1181 456 1261 deret,
488 1180 573 1245 diem
602 1181 721 1248 obierit
749 1180 970 1266 heredemque
1001 1184 1191 1268 reliquerit,
1236 1202 1304 1268 quo
1336 1185 1401 1247 iure

339 1301 499 1369 eiusmodi
521 1301 621 1368 heres
642 1301 686 1368 nd
707 1301 773 1370 hoc
794 1303 1005 1370 interdictum
1027 1295 1250 1370 censebitur?
1275 1300 1400 1389 Quippe

338 1425 374 1489 in
401 1423 483 1510 hoc,
518 1424 547 1489 si
581 1422 623 1489 de
653 1429 747 1513 iure,
784 1423 826 1489 de
856 1429 1093 1510 possessione,
1129 1424 1172 1491 de
1205 1425 1400 1503 deteirttone

339 1545 434 1612 tundi
451 1563 609 1631 quaeres,
630 1544 711 1610 nihil
733 1548 902 1611 inuenies:
924 1545 1012 1631 quod
1033 1549 1063 1612 si
1078 1545 1163 1612 sdeo
1178 1546 1399 1612 daemones

338 1670 420 1733 iuris
450 1685 492 1733 sc
521 1668 745 1751 possessionis
773 1670 808 1733 et
830 1669 924 1753 qussi
952 1666 1113 1733 umbram
1133 1669 1399 1752 circumspicies,

338 1787 422 1855 iilud
443 1787 690 1875 deprehendes,
712 1789 889 1855 locutionis
910 1789 963 1854 ius
982 1787 1027 1853 ed
1049 1786 1205 1854 heredem
1222 1791 1399 1872 transiisse,

338 1914 440 1996 etque
468 1909 545 1976 inde
572 1929 724 1977 csusssm
758 1908 940 1996 quondan,
975 1928 1020 1974 sn
1042 1910 1254 1976 occasionem
1284 1909 1394 1990 dicen,

339 2031 433 2098 fundi
464 2031 691 2121 ingrediendi,
723 2029 941 2121 inspiciendi,
979 2031 1089 2097 coloni
1117 2031 1163 2097 ihi
1196 2035 1398 2098 conuenien-

339 2153 392 2241 di,
417 2157 476 2218 sut
497 2155 525 2218 si
555 2152 768 2238 discesserit,
800 2153 952 2218 cultures
974 2150 1250 2238 condicionisque
1278 2155 1398 2220 exsui-

339 2272 487 2360 nsndse,
519 2278 554 2340 et
574 2277 604 2339 si
626 2292 711 2361 quse
732 2275 798 2339 elie
820 2276 899 2339 sunt
920 2271 1098 2357 eiusmodi,
1129 2275 1160 2339 ei
1194 2292 1274 2340 esse
1301 2293 1397 2360 quec-

338 2397 446 2461 sitem.

403 2516 433 2582 1⁴}
455 2536 520 2603 quo
542 2516 670 2607 figurae
691 2516 801 2607 gedu
820 2518 850 2582 si
873 2516 991 2602 pedem
1013 2518 1215 2604 protuleris,
1246 2521 1396 2586 continuo

338 2638 381 2706 sd
414 2638 566 2704 eduense
605 2640 703 2703 istius
742 2657 852 2728 genus
883 2643 1154 2726 ceterorumque,
1197 2660 1286 2725 quos
1319 2641 1396 2705 nuih

340 2766 441 2828 entes
462 2763 593 2825 ratione
617 2760 741 2825 iundus
761 2762 935 2849 attigerit,
957 2763 1153 2846 peruenisse
1175 2764 1213 2827 te
1237 2765 1371 2827 senties

171 3011 320 3110 {ssffijssm'
402 2996 472 3061 lom
499 3014 583 3079 quos
606 2995 868 3058 enumereuimus
898 3013 1031 3076 omnes,
1068 2995 1122 3079 qui
1153 3013 1219 3060 nec
1250 2993 1394 3079 possido-

270 3099 275 3111 ’
339 3120 415 3183 rent
436 3135 500 3182 nec
526 3118 725 3181 naturaiiter
751 3119 926 3201 tenerent,
957 3120 1004 3200 si,
1037 3119 1258 3200 posteaquem
1290 3117 1394 3203 quouis

339 3237 436 3303 modo
458 3239 492 3301 in
518 3236 654 3301 tundum
677 3236 822 3301 oedesue
843 3237 1032 3317 uenissent,
1054 3236 1181 3300 tuerint
1204 3238 1236 3301 ui
1262 3237 1393 3303 homini·

339 3360 401 3424 bus
422 3360 558 3422 ermetis
577 3359 746 3422 oooctisue
769 3359 882 3443 eicoti;
905 3359 1008 3423 uerba
1028 3357 1197 3425 interdicti
1223 3360 1317 3425 nuiio
1341 3358 1393 3423 du·

340 3479 394 3543 hio
418 3477 554 3543 efficere
574 3478 791 3564 uidebantur,
825 3482 861 3543 ut
887 3481 1019 3546 restitui
1042 3497 1102 3544 eos
1130 3485 1319 3563 oporteret
1356 3477 1392 3544 iit

339 3601 387 3664 ite
409 3600 442 3662 in
459 3600 563 3683 primu
581 3597 750 3664 interdicti
772 3602 954 3666 seueritate
980 3602 1078 3665 etiem
1100 3601 1258 3667 obtinuit.

179 3727 320 3771 own-us
402 3719 508 3805 Atqui
534 3719 672 3786 hocius
697 3722 764 3786 teie
786 3721 867 3802 init,
888 3725 925 3785 ut
948 3725 1024 3806 post
1048 3722 1150 3788 breue
1177 3727 1313 3810 tempus
1334 3720 1391 3787 dit-

340 3844 507 3910 hcuitetes
540 3844 574 3906 et
609 3841 814 3908 incommode
843 3844 1035 3909 necessario
1072 3851 1302 3932 emergerent.
1352 3839 1391 3908 Ut

340 3983 421 4033 ecce
441 3963 529 4030 hsud
552 3965 651 4030 ieciie
674 3983 777 4050 saepe
803 3963 884 4049 i'uit,
906 3982 1001 4046 eum,
1031 3966 1085 4051 qui
1108 3983 1173 4032 neo
1195 3964 1390 4052 possedisset

339 4104 403 4153 nec
424 4086 641 4173 detinuisset,
669 4089 702 4150 in
724 4085 863 4151 eundem
885 4088 1008 4151 statum
1030 4089 1211 4154 restituere
1228 4108 1296 4174 qno
1317 4087 1389 4153 iuis·

326 4212 412 4293 «set,
446 4225 510 4275 nee
541 4206 640 4272 ueide
677 4209 883 4275 conueniens
917 4206 1024 4274 uideri
1050 4208 1181 4294 potuit,
1214 4213 1255 4277 tsi
1281 4222 1388 4276 uersu
