3114 5046
265 351 303 428 ς.
330 339 365 412 1.
418 336 560 411 ludicii
580 279 693 438 oripo
717 345 755 411 et
779 347 935 414 notura.
1091 337 1133 400 25

65 534 176 598 umen
199 530 248 594 its
271 531 466 612 comparate
487 527 640 614 inerunt,
663 531 699 619 ut
721 530 919 614 aequissima
934 528 1083 608 ratione,
1103 528 1132 592 si

65 671 130 715 uon
146 649 398 737 praeiudicium,
412 655 448 716 st
463 651 688 737 praesumptio
703 647 865 735 quaedem
881 653 916 716 et
932 650 1026 736 quasi
1042 651 1133 735 iuris,

66 773 198 858 dequo
219 773 403 860 agebatur,
433 769 673 857 quodammodo
701 773 872 856 possessio
900 771 1029 838 Naeuio
1056 770 1134 837 inde

65 896 240 961 conciliari
255 892 443 974 uideretur,
466 891 617 978 adeoque
632 893 723 958 uuila
740 911 826 978 opus
839 896 930 960 esset
944 910 1009 959 neo
1022 894 1136 981 meu

65 1017 184 1082 Naeuii
209 1034 274 1082 ueo
294 1013 469 1080 Praetoris
490 1015 683 1099 iniquitute,
705 1034 770 1101 quo
788 1014 972 1098 Quietetiur
993 1014 1134 1100 potissi-

66 1157 149 1202 mum
167 1136 325 1223 stipulari
340 1134 610 1222 prueiudioioque
623 1137 771 1221 expertri
786 1137 972 1222 iuberetur,
985 1134 1135 1202 Noouios

65 1265 177 1325 sutem
212 1258 421 1345 possessons
454 1257 530 1323 looo
566 1258 838 1323 constitueretur.
896 1253 984 1339 Qutd
1019 1249 1135 1323 enim?

65 1380 190 1447 Nonne
210 1398 321 1446 rerum
342 1376 452 1445 adhuc
472 1381 644 1467 gesturum
665 1395 821 1444 summum
842 1381 878 1444 et
902 1378 1056 1446 effectum
1077 1378 1135 1445 ille

67 1502 287 1592 impugnabat
307 1504 409 1586 atque
431 1503 585 1566 euertere
606 1500 808 1584 conabatur,
838 1498 893 1567 ido
916 1502 1027 1567 autem
1054 1519 1135 1566 sus-

68 1625 198 1690 tinebst
220 1640 263 1690 ao
285 1613 514 1689 defendebat?

128 1742 300 1831 Superest
330 1747 368 1808 ut
400 1742 652 1829 admoneamus,
686 1761 773 1828 quse
805 1743 954 1828 proxime
987 1746 1134 1811 tractata

69 1871 164 1945 sunt,
197 1870 272 1931 tota
298 1863 342 1931 ad
365 1865 454 1930 ilium
481 1864 657 1931 Tullianae
684 1862 891 1931 detensionis
917 1866 1025 1932 iocum
1051 1885 1134 1951 per·

70 1991 191 2073 tinere,
218 2005 284 2073 quo
305 1985 596 2052 uehementissime
622 1984 796 2052 Praetoris
824 1986 1039 2072 conqueritur
1066 1988 1134 2053 ini-

70 2112 247 2195 quitatem,
276 2125 340 2175 neo
364 2107 480 2175 satiari
502 2110 617 2192 potest
642 2106 872 2193 lamentando,
900 2108 992 2198 quod
1016 2112 1134 2195 potore

69 2232 140 2296 toeo
162 2248 328 2297 causeum
349 2228 464 2295 dicere
486 2227 672 2311 Quotettus
693 2235 836 2295 coactus
856 2223 960 2310 stt³²).

129 2349 208 2434 Qus
231 2357 342 2416 tomen
370 2350 405 2414 in
433 2367 471 2415 re
499 2348 580 2414 nihii
610 2348 804 2415 Praetorem
834 2369 1011 2436 peccasse,
1038 2352 1134 2419 immo

70 2479 101 2541 et
124 2474 209 2538 iuris
235 2473 357 2537 rutioni
390 2474 424 2537 et
457 2469 566 2536 odieio
592 2489 655 2536 suo
684 2473 790 2556 probe
818 2473 1043 2561 satisfecisse,
1071 2476 1133 2541 ism

70 2592 210 2679 perinde
237 2591 367 2660 confido
403 2594 613 2678 perspicuum
643 2611 734 2677 esse,
768 2597 869 2679 atque
896 2597 931 2658 in
959 2597 1134 2681 superiore

70 2718 123 2782 iiio
157 2717 296 2782 erimine
327 2715 408 2796 fuit,
443 2715 498 2779 ubi
535 2715 578 2779 de
606 2714 732 2801 probro
762 2720 862 2801 petus
890 2735 993 2805 ptum
1025 2717 1068 2782 de
1096 2735 1135 2782 re

71 2839 239 2903 iudicium
258 2835 339 2922 ficit
359 2841 503 2903 iussisse
524 2835 702 2902 lioiobellu
722 2830 998 2916 accumbendi.

130 2956 222 3041 Quid
243 2950 380 3024 autem?
402 2934 526 3043 duplex
549 2976 590 3023 eu
612 2957 654 3023 de
676 2959 857 3042 sponsione
873 2958 1026 3044 querela,
1046 2977 1135 3025 usna

74 3080 200 3167 quidem
224 3085 343 3145 nostro
366 3079 487 3146 iudicio
513 3082 547 3145 et
577 3078 721 3165 infirma,
748 3081 786 3144 ut
813 3081 986 3146 uerissime
1014 3080 1134 3166 fuerit,

74 3220 180 3268 noune
203 3202 305 3288 plane
327 3201 452 3265 inutilis
473 3192 618 3266 fuisset?

130 3324 291 3390 Nimirum
324 3321 402 3409 quid
434 3323 570 3403 attinet,
601 3321 644 3389 de
659 3314 840 3389 'praetore
871 3322 961 3410 opud
994 3322 1134 3391 iudicem

103 3652 149 3711 Ὠ)
168 3650 238 3702 Vide
256 3663 282 3700 o.
294 3648 322 3700 8.
343 3648 506 3701 «Clamabat
518 3680 548 3702 ..
565 3681 573 3697 .
633 3649 815 3701 instituendae
827 3649 917 3700 ordini
928 3649 1067 3701 alludatur
1075 3664 1136 3701 uer·

75 3741 258 3804 «Quinctius.
274 3775 281 3789 .
296 3773 304 3788 .
320 3769 346 3796 ·‚
363 3738 539 3803 sponsionem
551 3736 575 3788 si
633 3737 675 3788 his
685 3739 712 3788 in
723 3738 780 3789 o.8.
800 3752 877 3788 «non
895 3741 1038 3789 recusabat
1051 3740 1135 3802 Quiu-

76 3827 247 3880 ristinsmodi
266 3826 383 3888 iaceret,
403 3840 432 3877 se
451 3826 489 3887 (id
503 3825 575 3891 quod
634 3827 736 3887 retius,
756 3828 822 3891 quin
835 3827 871 3877 ita
886 3829 1017 3879 satisdare
1030 3829 1136 3879 iubere·

76 3931 167 3968 tnnne
185 3915 291 3976 euenit)
309 3915 344 3966 do
357 3916 446 3979 eapite
458 3929 508 3966 suo
518 3917 576 3978 prs·-
634 3921 712 3975 stur,
736 3917 759 3964 si
778 3915 847 3967 bosso
861 3928 982 3981 posseuo
997 3925 1080 3968 ment
1102 3931 1136 3968 ss

76 4021 138 4057 «ors
148 4007 207 4057 loeo
219 4018 341 4056 massono
352 4017 404 4056 esse
415 4005 574 4054 dictantes.»
634 4005 777 4054 odotem.»

75 4094 147 4145 Comi.
161 4109 186 4146 e.
200 4093 321 4146 221³.
333 4093 379 4144 31.
394 4117 420 4128 —
432 4093 575 4144 Praetores
667 4093 714 4152 33)
732 4092 800 4144 vioe
817 4106 900 4158 supra
918 4107 945 4157 p.
964 4093 1006 4144 io.
1026 4106 1102 4156 seqq.

76 4184 178 4240 uncio,
197 4195 234 4233 sn
250 4183 342 4234 eidem
361 4180 403 4232 ilii
420 4181 575 4246 sponsionis

1151 523 1301 576 sputoque-

1152 581 1302 632 uodoeonrip·

1151 638 1213 679 ieads
1226 637 1301 685 tuis,
