3114 5046
344 354 408 417 402
452 352 547 453 Gap.
567 354 601 426 1.
654 351 715 426 De
738 356 822 425 iore
847 374 1007 427 caussae
1036 349 1307 427 Caeciniortoe.

218 565 298 604 cium
346 553 485 618 maxime
506 558 647 638 propter
669 553 864 638 principium
879 553 1002 636 cepitis
1018 551 1059 610 33
1073 550 1099 626 ¹)
1123 556 1193 616 tum
1209 554 1408 635 uniuersum,

195 624 353 662 sinuum,

93 688 96 692 ’
202 680 299 732 nortuu-
345 692 431 760 quae
453 673 575 739 exinde
596 676 767 759 sequitur,
789 673 937 740 ciuitatis
958 672 1247 757 disceptationem.
1345 705 1349 712 ·

174 849 325 946 am,
407 832 462 898 Ac
495 833 599 917 primo
632 833 707 898 loco
736 851 804 896 non
832 851 968 916 possum
996 833 1030 895 in
1057 833 1198 896 ιιιιίιιιιιιιι
1231 830 1409 913 inducere,

342 954 534 1020 interdicto
567 955 610 1018 de
640 958 678 1018 ot
708 958 838 1019 ιιιιίιιιιι
860 951 1099 1018 Romanorum
1119 952 1267 1039 propria
1287 953 1408 1038 finisse.

343 1073 441 1157 Quid
464 1077 549 1140 enim
578 1077 685 1164 magis
715 1077 778 1138 iuri
807 1076 956 1162 gentium
984 1077 1143 1140 conuenit
1165 1092 1263 1158 quom
1285 1079 1326 1141 ui
1346 1075 1409 1141 de·

342 1201 472 1263 tectum
493 1192 663 1262 restitut?
699 1195 845 1261 Accedit
867 1195 956 1282 quod
977 1195 1117 1261 aiterum
1140 1195 1221 1260 iliud
1244 1195 1410 1283 iudicium,

344 1317 433 1404 quod
455 1321 508 1382 est
530 1318 573 1383 de
595 1318 723 1382 domno
746 1317 831 1383 dato
854 1316 995 1382 hostisue
1017 1320 1132 1408 raptis
1153 1321 1191 1382 ut
1213 1314 1409 1382 iomtrrsoos

229 1460 232 1465 ·
343 1441 494 1505 amotis
516 1442 711 1525 coactisve,
740 1439 855 1502 intime
876 1435 1073 1519 interdicto,
1110 1436 1198 1522 quod
1221 1440 1255 1501 in
1280 1433 1409 1503 eret·

343 1577 412 1624 noe
439 1577 560 1625 caussa
587 1560 716 1647 egitur,
750 1560 964 1625 coniunctum
994 1561 1029 1622 et
1058 1561 1347 1648 consanguineum
1360 1550 1409 1645 ²),

343 1698 411 1744 non
439 1676 644 1745 siraetore
674 1679 827 1769 nerbono,
861 1677 922 1746 sed
950 1680 993 1745 eb
1016 1699 1078 1765 eo,
1110 1685 1168 1769 ptri
1189 1683 1286 1745 inter
1306 1698 1408 1763 pere-

335 1805 460 1887 ·prtrtos
492 1804 547 1867 to's
586 1802 690 1890 dicit,
727 1801 863 1885 primum
901 1804 954 1865 est
986 1803 1203 1886 compositum
1236 1807 1341 1887 etque
1376 1805 1408 1865 in

343 1920 496 1987 Edictum
518 1926 689 2006 receptum
705 1918 742 1996 ³).

406 2042 559 2128 Denique
585 2047 623 2106 ut
653 2039 824 2131 Praetor,
862 2062 958 2128 quum
988 2046 1023 2108 in
1053 2024 1125 2110 iure
1154 2043 1196 2108 de
1226 2043 1407 2111 interdicto

342 2167 520 2253 ageretur,
556 2162 690 2228 diuerso
724 2164 800 2228 loco
828 2168 922 2230 etoes
954 2183 995 2230 uc
1026 2171 1227 2253 pereprinos
1255 2164 1409 2232 habuerit

342 2277 434 2363 [non
474 2283 648 2370 habuisse,
695 2287 780 2349 satis
812 2284 888 2348 mihi
926 2278 1100 2374 constat),
1136 2287 1408 2372 quemadmodum

343 2407 469 2491 potuit,
506 2425 570 2491 quo
603 2411 722 2470 tenore
754 2405 923 2472 interdicti
961 2407 1104 2473 formula
1137 2400 1254 2498 initi),
1294 2409 1408 2476 iudicis

341 2530 656 2613 recuperatorumue
679 2526 789 2593 oiticio
811 2529 992 2610 contineri,
1014 2531 1052 2592 ut
1072 2531 1280 2616 statuerent,
1302 2531 1408 2596 inier-

342 2648 450 2735 dioto,
472 2651 527 2733 qui
550 2653 638 2714 cteris
659 2667 727 2712 non
743 2652 850 2733 esset,
872 2648 932 2714 sed
947 2653 1152 2735 pereprtnrts
1165 2652 1225 2715 out
1243 2649 1406 2736 Laurens,

343 2771 476 2835 uincere
500 2788 566 2835 non
589 2761 720 2854 posse?

377 3037 403 3102 i)
423 3053 437 3083 u
447 3040 481 3088 At
492 3041 561 3088 enim
574 3038 650 3088 Soita
662 3040 742 3104 tepens
754 3041 843 3088 tutte.»

304 3190 306 3195 ,
343 3128 390 3176 iiis
416 3127 505 3177 uerbis
532 3128 575 3176 iliu
604 3128 724 3178 defensio
751 3129 845 3179 uduer-

342 3218 405 3267 serii
424 3218 460 3265 itu
478 3217 632 3275 inducitur,
653 3223 681 3266 ut
701 3217 774 3268 nulio
795 3216 844 3265 du·

342 3304 386 3355 bio
400 3306 482 3355 series
495 3313 731 3366 argumentorum,
745 3304 844 3367 quihus

341 3391 374 3440 ed
402 3400 567 3453 praesentem
593 3392 701 3442 Aebutii
725 3406 843 3444 caussam

341 3481 536 3531 deiendendum
566 3482 629 3529 Piso
662 3495 726 3530 usus
762 3490 842 3542 esset,

341 3571 523 3619 continuetur.
560 3570 656 3632 Neque
681 3570 760 3618 atium
787 3585 842 3621 rem

340 3669 498 3708 caussomue
514 3668 585 3708 nouo
599 3670 629 3708 es
645 3657 765 3710 defensio
784 3673 843 3721 spe·

341 3750 412 3796 cture
435 3750 521 3807 potuit
542 3752 623 3809 utque
646 3748 705 3807 iiio,
737 3751 764 3797 in
790 3762 842 3810 que

340 3836 459 3896 proxime
484 3839 569 3886 oratio
585 3836 759 3898 uersuhutur,
788 3852 843 3887 non

337 3923 480 3985 possedisse
499 3922 645 3974 Caecinam.

374 4008 401 4074 2)
421 4009 496 4061 Coni.
515 4026 567 4075 pro
592 4013 675 4063 Tullio
697 4027 719 4063 c.
743 4013 840 4062 7-12.

340 4096 468 4150 t-t-to.
491 4105 517 4150 et
536 4114 604 4162 quse
626 4103 728 4152 dehoc
749 4115 772 4152 e.
794 4102 840 4152 to.

340 4201 421 4251 supro
433 4190 621 4240 sduotuuimus
635 4205 661 4252 p.
675 4190 738 4240 ³27.
749 4198 804 4240 not.
814 4190 840 4240 tt.

938 3039 964 3104 3)
984 3041 1044 3103 Qus
1064 3042 1097 3093 de
1117 3055 1145 3092 re
1159 3044 1187 3090 iu
1201 3040 1271 3093 iibro
1283 3046 1363 3094 tertio
1375 3043 1405 3093 sd

906 3131 1057 3179 Tullianam
1067 3130 1274 3192 disputabimus.
1305 3132 1405 3182 interes

903 3221 965 3269 uide
980 3219 1006 3268 d.
1022 3232 1080 3281 cup.
1094 3218 1122 3267 7.
1139 3226 1166 3270 et
1178 3231 1250 3281 quse
1264 3216 1405 3269 [inscitius

902 3309 1027 3357 disseruit
1049 3310 1076 3356 in
1094 3306 1274 3357 Prasmontts's
1291 3308 1325 3357 sd
1344 3321 1403 3360 esu·

902 3397 963 3447 dem
977 3399 1121 3447 orationem
1141 3408 1168 3457 p.
1183 3396 1228 3445 ci.
1242 3410 1301 3459 seq.
1333 3395 1404 3446 Adde

903 3483 998 3533 Oreitis'
1023 3491 1050 3535 et
1071 3483 1177 3535 Baiters‘
1210 3485 1405 3535 Onomosttcssst

904 3572 1055 3621 Tullianum
1076 3586 1103 3634 p.
1117 3572 1180 3622 352.
1200 3573 1278 3624 Neue
1298 3573 1331 3625 de
1350 3586 1404 3626 serr·

901 3664 984 3710 tentio
1004 3661 1100 3721 depeiit
1119 3667 1144 3711 te
1163 3663 1235 3710 sinus
1251 3674 1266 3712 ι
1286 3663 1315 3712 C.
1329 3662 1404 3712 Settto

901 3746 1084 3810 (deotperots'o
1092 3763 1118 3812 p.
1126 3749 1203 3808 tit„
1211 3750 1282 3802 coni.
1292 3744 1403 3813 persp

901 3850 1079 3899 quemquem,
1102 3851 1143 3888 me
1161 3840 1273 3901 quidem
1287 3839 1358 3891 hsud
1370 3844 1405 3888 iu·

901 3929 967 3981 utto,
977 3928 1055 3976 etium
1065 3925 1130 3975 iilud
1138 3926 1272 3978 timentia
1281 3933 1405 3992 opponet,

900 4012 1211 4073 numerusnumerous
1222 4017 1258 4066 nd
1268 4030 1295 4068 ι.
1306 4033 1335 4069 ιι.
1346 4016 1406 4067 ote.

901 4105 1082 4164 potiusquam
1096 4102 1158 4153 ori.
1174 4108 1323 4166 pertinere.

934 4189 961 4252 t)
982 4192 1048 4242 Vide
1060 4205 1140 4254 supro
1155 4206 1184 4258 p.
1198 4193 1264 4245 ΒΜ.
1279 4209 1339 4258 seq.
