3114 5046
342 368 385 431 22
438 366 533 471 Gap.
555 370 591 444 1.
641 368 703 444 De
733 371 817 444 iure
848 393 1007 445 cerussae
1035 368 1299 457 Quinctianae.

175 556 254 654 ,3:¹¹st
271 571 323 609 ψ’·
342 565 443 652 gator
454 562 573 646 aliquis
582 561 625 627 ab
637 558 830 626 aduersario
842 561 926 625 satis
936 560 1091 646 aeoipere
1105 559 1218 641 uellet,
1228 561 1405 646 utrumque

342 686 430 749 inter
451 703 489 749 se
510 680 676 750 satisdare
690 684 858 772 coegerit,
881 682 973 747 nuita
986 682 1052 748 alta
1068 684 1200 747 ratione
1213 683 1325 746 motus
1339 682 1405 746 nist

343 807 515 892 quominus
543 823 663 872 caussa
690 807 887 890 appareret,
921 807 1060 890 propter
1093 823 1189 890 quam
1221 802 1279 888 qui
1310 802 1406 867 solus

342 926 463 994 Edicto
486 923 881 1004 teneretur,sat1sdandi
903 925 1097 992 necessitati
1120 915 1320 1010 paruisset?

404 1051 446 1115 In
467 1068 593 1114 summa
615 1049 696 1115 iecit
717 1047 862 1113 Praetor
889 1045 977 1132 quod
1004 1045 1118 1112 debuit
1145 1046 1278 1134 faeere,
1304 1065 1404 1132 quum

342 1172 554 1256 sponsionem
576 1170 647 1236 deri
668 1172 775 1235 iussit

176 1350 251 1443 :aaa
240 1346 325 1457 'erup
407 1324 584 1414 Sequitur,
604 1332 641 1392 ut
662 1328 770 1394 attero
793 1328 867 1394 iooo
889 1326 1117 1412 dispiciamus,
1139 1324 1303 1413 quomodo
1318 1344 1406 1393 eon-

176 1462 303 1502 ur
296 1419 499 1536 ¹·eipiendo
530 1469 570 1516 ea
601 1450 738 1534 sponsio
774 1450 892 1533 fuerit,
927 1449 1083 1545 uidelicet
1121 1450 1188 1513 utri
1221 1446 1404 1533 stipulandi

343 1572 531 1662 agendique
547 1572 706 1656 odicium,
730 1573 796 1638 utri
816 1570 1002 1657 spondendi
1017 1540 1285 1656 defendendique
1300 1588 1406 1655 opor-

343 1695 444 1760 tuerit
464 1693 646 1785 adsignari.

406 1816 538 1882 Etenim
559 1835 659 1901 supro
683 1816 869 1902 docuimus,
890 1816 1042 1901 stipulari
1058 1814 1258 1900 oportuisse,
1277 1814 1406 1899 aliquot

342 1957 491 2003 nummos
512 1938 605 2024 dari,
625 1943 683 2004 aut
705 1938 864 2004 Naeuium
887 1958 909 2003 a
931 1935 1109 2018 Quinctio:
1258 1924 1261 1929 ’

405 2117 436 2161 sr
463 2117 554 2164 eorm
582 2116 650 2162 run
678 2118 722 2162 ux
747 2096 874 2162 Emero
903 2096 1078 2163 Buamexr
1105 2095 1308 2162 Psxerosrs
1333 2116 1409 2162 uus

407 2237 489 2282 xxx.
512 2237 672 2283 nossessx
693 2200 778 2283 suso
800 2222 833 2284 et
855 2219 915 2285 rei.

343 2379 400 2441 aut
423 2373 612 2456 Quinotium
633 2395 655 2442 u
674 2376 822 2444 Naeuio:

405 2531 447 2602 Sr
468 2555 556 2600 somn
578 2555 651 2601 mex
667 2555 712 2601 rx
727 2536 855 2601 Euromo
871 2535 909 2601 P.
924 2537 1096 2603 Bonorum
1113 2534 1316 2602 Psxuroars
1331 2554 1407 2601 mss

408 2677 489 2722 xxx.
511 2677 671 2723 possessa
694 2678 760 2724 sou
782 2677 867 2724 sorr
890 2662 924 2724 et
946 2660 1007 2723 rei.

404 2812 522 2882 Utrum
542 2817 646 2906 igitur
661 2792 872 2903 sponsionem
891 2816 1004 2883 debuit
1020 2816 1164 2883 Praetor
1178 2816 1249 2883 deri
1265 2808 1408 2884 iuberei

343 2936 464 3004 Fuitne
486 2939 597 3024 atiquo
618 2942 652 3004 et
674 2957 835 3024 quaenam
857 2939 920 3003 tuit
942 2941 1013 3005 eius
1034 2939 1082 3005 rei
1104 2941 1191 3004 ratio
1213 2957 1255 3006 ae
1271 2959 1408 3034 norma,

344 3057 386 3123 od
409 3078 504 3144 quam
527 3059 669 3125 Praetor
691 3058 860 3127 decretum
882 3079 976 3125 suum
999 3052 1189 3149 dirigeret?

407 3179 522 3265 Atque
551 3182 653 3269 uulgo
686 3181 815 3266 quidem
848 3180 913 3248 diei
944 3182 1048 3265 solet,
1082 3185 1137 3269 qui
1166 3184 1200 3247 in
1230 3182 1408 3268 principaii

345 3299 465 3366 iudicio
488 3304 583 3367 actor
605 3306 713 3385 esset,
736 3302 875 3369 eundem
891 3304 988 3369 etiam
1005 3305 1038 3367 in
1055 3305 1237 3389 sponsione
1252 3302 1409 3371 iacienda

345 3422 552 3508 stipulatoris
567 3427 681 3507 partes
696 3424 888 3509 pierumque
902 3427 1103 3512 suscepisse,
1121 3429 1283 3510 exceptas
1298 3428 1409 3490 tamen

346 3541 504 3630 quasdam
527 3563 666 3611 caussas
680 3546 802 3629 tuisse,
824 3564 960 3632 quarum
975 3545 1073 3612 uideo
1089 3544 1240 3631 equidem
1255 3546 1410 3632 exempla

346 3668 453 3754 magis
480 3657 659 3751 (imprimis
686 3666 749 3735 boc
778 3659 947 3748 dumetis]
972 3686 1068 3753 quom
1094 3668 1256 3733 rationem
1283 3667 1409 3732 afferri.

410 3787 587 3853 Enimuero
615 3788 658 3855 ad
681 3789 766 3854 ittam
799 3790 948 3877 reguiam
971 3789 1061 3853 nulio
1089 3788 1189 3855 dubio
1216 3788 1411 3873 sponsionis

348 3911 523 3991 conceptio
539 3909 761 3998 dirigebatur,
780 3911 974 3995 ubicumque
990 3908 1022 3974 id
1039 3911 1215 3996 agebatur,
1233 3913 1271 3973 ut
1286 3912 1322 3974 in
1338 3912 1410 3975 eius

349 4031 539 4112 sponsionis
559 4031 731 4098 formulam
752 4033 939 4098 uniuersum
955 4031 997 4098 de
1011 4050 1049 4098 re
1064 4031 1240 4118 principaii
1254 4029 1409 4100 iudicium

349 4146 660 4230 corroiuderetur⁹⁸i.

384 4326 432 4393 ab)
451 4329 517 4380 Vide
537 4343 617 4393 supra
638 4344 663 4393 p.
686 4331 726 4380 to.
749 4331 778 4379 it
810 4336 866 4380 not.
886 4332 912 4378 ii.

199 4644 205 4649 -
250 4626 259 4637 Ιι

74 4642 380 4759 *a
