3114 5046
250 334 287 411 3.
313 320 355 393 4.
410 315 579 394 Caecina
604 319 814 419 possederit
839 345 968 398 nocam.
1081 325 1141 387 sol

143 522 196 587 Ex
231 521 282 587 his
310 524 435 602 annm,
478 540 564 606 quae
597 520 707 589 sdhuc
740 520 910 606 disputata
943 525 1040 608 sunt,
1072 525 1144 589 lure
1163 535 1297 574 nauem„

81 645 241 733 colligere
275 643 351 708 mihi
388 643 524 729 uidcor,
568 662 609 709 eo
641 643 746 708 icrme
779 644 919 709 consilio
956 641 1145 711 Aebutium

82 766 306 833 denuncisase
329 762 521 854 Caecinae,
555 763 706 850 secudum
735 784 837 832 suum
858 784 933 832 esse
954 785 1057 856 sepire
1078 765 1145 833 sihi

81 893 221 973 emisse,
255 893 292 953 ut
322 892 486 977 negaret,
522 887 676 954 iudicium
705 886 848 953 familiae
880 886 1144 975 herciscundae,

82 1008 166 1095 quod
192 1004 348 1075 Coccina
370 1008 539 1092 ediderat,
573 1008 614 1074 de
647 1009 703 1073 illo
733 1008 838 1074 fundo
869 1027 906 1074 se
928 1012 1144 1094 accepturum

81 1149 164 1196 esse.

140 1285 243 1370 Quod
274 1291 468 1370 consillum,
501 1292 530 1354 si
560 1286 716 1356 Cormasa
749 1289 885 1356 fundum
921 1290 1143 1375 possedisset,

81 1412 195 1474 inutile
213 1429 353 1494 prorsus
367 1421 468 1497 utque
491 1413 637 1496 ineptum
661 1412 797 1478 luisset:
819 1417 956 1498 conire,
978 1415 1006 1477 si
1022 1409 1143 1477 Aeon-

81 1537 167 1597 ttum
189 1532 297 1597 iacias
319 1531 528 1616 possedisse,
556 1534 642 1618 tulo,
671 1539 709 1597 ut
731 1535 820 1600 lucili
844 1537 983 1624 negotio
1005 1539 1143 1618 pertur-

81 1655 159 1718 hare
184 1648 377 1719 Caecinam
410 1657 526 1738 posset
559 1656 778 1740 molestiaque
807 1655 954 1721 allicere.
1011 1653 1143 1740 Quippe

80 1793 176 1859 quum
209 1777 256 1839 ils
288 1774 381 1839 fundi
413 1778 640 1861 quaestionem
674 1796 694 1842 a
728 1777 872 1842 familiae
900 1776 1142 1842 herciscundae

80 1895 200 1962 iudicio
235 1899 423 1981 separauit,
465 1899 537 1963 iure
569 1918 631 1962 suo
663 1918 744 1963 usus
777 1903 846 1984 est,
883 1897 1032 1983 duasque
1064 1899 1142 1962 lites

82 2012 272 2107 Cosmicos,
306 2038 391 2104 quus
419 2021 545 2086 actoris
573 2022 649 2085 loco
672 2022 878 2106 susciperet,
912 2038 973 2103 pro
997 2038 1064 2084 una
1086 2022 1142 2083 in-

79 2137 172 2205 flixit.
228 2136 333 2206 Simul
363 2160 459 2225 quam
492 2144 634 2227 priorem
656 2140 710 2207 hic
733 2140 943 2226 intenderat,
979 2160 1141 2227 quamque

80 2267 205 2325 mature
230 2261 272 2325 ad
296 2264 419 2327 exitum
443 2263 600 2349 perduci,
622 2268 658 2327 ut
682 2266 716 2328 in
738 2263 898 2329 eiusmodi
921 2267 1052 2330 caussis
1077 2262 1142 2329 ad-

79 2388 173 2470 solet,
190 2405 395 2474 magnopere
408 2382 584 2451 Caedicus
600 2387 779 2469 intererat,
796 2392 1003 2471 postponere
1018 2388 1142 2474 coegit,

82 2509 186 2574 donec
221 2507 263 2572 dc
297 2507 400 2572 fundo
435 2509 467 2570 ln
495 2527 563 2572 rem
593 2509 757 2573 actionem
781 2509 980 2592 peregisset.
1024 2507 1141 2592 Neque

80 2633 160 2694 enim
185 2631 331 2694 lumiliue
346 2627 589 2694 herciscundae
612 2630 687 2714 plus
709 2647 804 2713 quum
827 2629 930 2692 semel
945 2629 1001 2716 agi
1018 2630 1141 2712 potest,

80 2770 186 2838 neque
217 2750 402 2836 expediens
436 2753 545 2836 poluit
579 2750 701 2835 uideri,
742 2754 879 2834 peracto
913 2750 969 2813 illo
1003 2748 1141 2827 iudicio,

82 2879 198 2957 postea
214 2877 325 2939 euicto
344 2873 491 2937 fortusse
514 2871 633 2955 fundo,
657 2891 774 2935 nouam
798 2874 869 2936 eins
892 2870 984 2934 fundi
1009 2873 1140 2935 nominc

79 2998 251 3059 communi
276 2994 469 3059 dissidendo
492 2995 671 3058 similemue
695 2995 859 3058 actionem
891 3011 1045 3078 mouere;
1076 3013 1140 3058 ne-

80 3134 140 3200 que
162 3120 300 3182 constat
329 3119 477 3199 omnino,
514 3134 622 3179 nouae
646 3114 803 3179 eiusmodi
832 3117 976 3180 actionis
1002 3115 1140 3200 perinde

79 3236 140 3303 hac
162 3240 277 3302 aetate
299 3240 427 3322 copiam
450 3238 574 3322 fuisse,
602 3243 703 3321 atque
729 3235 901 3322 Ulpianus
923 3241 957 3302 et
984 3235 1141 3317 Psothis,

70 3485 123 3530 aa,
156 3483 220 3523 cum
252 3485 307 3522 rem
340 3471 493 3533 possidere,
532 3473 579 3533 qul
637 3483 689 3521 nou
709 3472 788 3522 modo
806 3475 875 3522 iusta
891 3471 938 3522 sed
958 3483 992 3522 ua
1010 3471 1063 3521 ulla
1082 3473 1141 3534 qul·

67 3571 244 3610 communem
256 3573 313 3612 esse
324 3565 448 3623 negaret,
460 3559 580 3610 conside·
636 3560 697 3611 dem
711 3562 842 3623 possessio
855 3562 1012 3623 requiritur.
1032 3561 1063 3609 L.
1075 3572 1139 3621 pen.

71 3648 158 3700 unde
175 3655 215 3700 ert
229 3651 308 3700 etlam
315 3649 346 3698 L.
356 3649 383 3698 7.
392 3647 422 3712 ὅ.
434 3648 461 3697 5.
476 3648 577 3698 Comm.
637 3650 696 3700 eod.
717 3648 865 3711 (Scaeuola)
895 3650 1057 3700 «Communi
1070 3651 1140 3700 diui·

68 3738 163 3788 diuld.
180 3734 279 3801 (remu
292 3738 354 3788 uide
369 3752 449 3801 supra
463 3751 489 3800 p.
505 3734 580 3801 oli.)
638 3739 753 3788 udundo
773 3738 874 3787 iudicio
898 3745 969 3789 recte
992 3742 1052 3801 egl,
1081 3742 1139 3790 siue

70 3826 139 3888 Quo
168 3828 228 3878 ioco
267 3830 435 3890 proprietatis
468 3841 579 3890 quoque
637 3833 756 3877 «neuter
771 3826 920 3889 possideat,
940 3829 998 3878 siue
1016 3828 1139 3879 alterau-

73 3919 286 3967 controuersiam
321 3917 460 3969 scribentis
490 3918 578 3967 animo
638 3919 760 3966 sciorum
779 3916 957 3967 lundumuou
976 3917 1137 3978 possideat.»

78 4005 219 4057 chuarsata
247 4008 281 4055 sit
306 4012 446 4067 propterea
470 4018 578 4056 necesse
636 4005 712 4056 Coul.
731 4005 761 4054 L.
776 4002 861 4068 ἥδ.
878 4006 903 4053 1.
927 4006 1001 4054 ism.
1025 4005 1137 4057 heroico.

82 4101 135 4153 esi,
154 4095 246 4158 quod,
272 4095 319 4145 uhi
344 4097 414 4145 inter
435 4095 579 4158 litigatores
636 4091 740 4157 (Verba
773 4094 882 4146 exhibui
909 4108 990 4159 supra
1020 4109 1047 4158 p.
1074 4093 1137 4144 289.

85 4187 221 4246 conuenit,
251 4197 307 4237 rem
323 4197 489 4236 communem
510 4197 577 4242 esse,
636 4189 691 4234 noi.
711 4180 768 4247 20.)

1178 592 1267 632 annui.
