3114 5046
335 403 399 465 620
490 379 586 482 Gap.
605 381 640 455 1.
680 377 738 454 De
755 381 840 454 iure
860 401 1021 453 caussae
1041 375 1259 453 Tullianae.

179 584 315 625 cosme..
335 562 413 628 doto
430 565 515 627 meto
531 562 675 627 familiae
687 559 808 645 aliquid
822 559 946 649 tactum
957 561 1012 641 sit,
1024 577 1134 643 neque
1146 560 1285 625 uincere
1298 577 1392 644 neque

178 678 266 775 ,ἵζω
281 680 326 732 ‘'⁴’'
335 684 547 752 condemnent
571 702 611 749 eo
636 681 755 747 iudicio
779 683 947 766 qutsquum
970 683 1095 764 possit:
1118 699 1186 744 non
1204 680 1286 745 iilud
1300 682 1393 746 solun

335 806 517 889 efficietur,
538 813 628 869 'nunc
651 805 734 868 mule
757 806 870 891 egisse
894 801 944 867 Μ.
966 801 1107 867 Tuttium
1130 822 1205 868 cum
1226 802 1266 885 Q.
1292 803 1395 882 Fabio,

335 930 430 991 immo
454 945 549 991 omne
572 924 651 991 iliud
675 924 837 1005 iudicium,
860 926 948 989 sicut
970 930 1023 989 est
1042 944 1062 989 u
1084 925 1135 990 M.
1152 927 1295 992 {tuentio
1314 943 1395 992 con-

337 1048 499 1131 positum,
528 1067 550 1112 e
577 1049 721 1114 caeteris
743 1047 903 1130 deinceps
927 1045 1145 1112 Praetoribus
1166 1052 1394 1113 conseruntur

338 1171 512 1253 multisque
534 1169 704 1239 actoribus
725 1167 1024 1248 accommodatum,
1047 1187 1166 1232 uanum
1190 1170 1394 1254 ineptumque

338 1308 431 1373 esse,
463 1290 584 1353 nemtnt
614 1286 808 1368 timendum,
842 1290 992 1354 omnibus
1015 1262 1140 1352 inutite.
1185 1287 1288 1370 Quod
1311 1309 1393 1376 quun

337 1413 467 1475 nimium
490 1429 571 1474 sune
593 1412 639 1473 sit
661 1413 695 1474 et
718 1408 978 1492 intolerandum,
1001 1412 1073 1494 ipso
1096 1429 1160 1476 suo
1181 1410 1333 1495 pondere
1347 1429 1393 1475 sr-

336 1535 527 1619 gumentum
551 1529 639 1594 istud
662 1536 798 1596 currunt
820 1550 961 1596 necesse
983 1535 1045 1596 est.
1347 1611 1352 1620 ..

400 1648 472 1717 Sed
505 1651 587 1717 haec
621 1654 766 1717 omittu-
789 1652 840 1717 De
874 1653 930 1716 ttto
953 1624 1077 1735 'postea
1107 1654 1207 1718 nobis
1230 1653 1392 1720 uidendun

337 1777 418 1858 erit,
439 1793 482 1838 ne
506 1775 594 1839 torte
616 1793 718 1840 sensu
735 1772 876 1860 qrrottum
892 1794 1029 1856 prorsus
1043 1774 1178 1840 diuerso
1196 1794 1307 1861 neque
1321 1774 1392 1840 eden

336 1894 482 1960 absurde
515 1894 707 1977 Quinctius,
743 1895 820 1981 quid
850 1899 974 1980 possit,
1006 1895 1082 1981 quid
1107 1915 1173 1960 uon
1198 1899 1308 1981 possit
1329 1896 1392 1961 dote

337 2019 423 2082 nato
446 2018 591 2083 familiae
614 2018 701 2103 fieri,
724 2019 926 2102 quaesiuerit
948 2036 988 2082 ec
1003 2017 1215 2102 distinxerit,
1238 2023 1307 2083 tum
1323 2033 1392 2102 quse

338 2142 515 2224 praeterea
548 2144 667 2205 contre
700 2141 837 2223 primum
871 2139 962 2202 ittum
994 2138 1168 2203 Tuttiunue
1198 2140 1392 2223 detensionis

337 2261 444 2327 tecum
475 2263 548 2324 siue
572 2260 798 2349 ,disputarent
819 2262 890 2325 siue
915 2265 1024 2325 tamen
1048 2262 1195 2343 potuerit
1218 2261 1391 2346 disputem

336 2380 479 2465 denique
501 2398 544 2444 nn
568 2378 653 2445 niteo
677 2383 828 2447 seiuncta
850 2400 891 2448 uc
913 2356 1070 2467 separatu
1091 2384 1234 2465 aprime
1250 2383 1316 2450 huc
1329 2383 1390 2447 leco

336 2521 377 2567 ea
398 2502 534 2585 tuerint,
557 2521 643 2587 quae
666 2508 785 2587 postea
802 2498 921 2569 Cicero
943 2504 1047 2569 reteri
1071 2502 1264 2584 Quinctium
1284 2507 1389 2589 protu-

337 2625 427 2689 tisse.
471 2623 552 2689 Num
577 2622 656 2688 itiud
680 2625 839 2690 neminem
862 2625 982 2713 fugere
1004 2623 1124 2709 debet,
1148 2630 1317 2691 oratorem
1338 2643 1389 2689 no-

336 2749 439 2810 strum
464 2747 627 2829 expositis
650 2747 811 2811 sormutne
840 2749 953 2811 uerbis
976 2748 1184 2831 firmataque,
1216 2752 1306 2815 sicut
1327 2762 1388 2812 ere

337 2887 412 2933 esse
434 2867 631 2951 utdebutur,
654 2868 725 2932 uon
746 2869 850 2950 muli,
872 2888 967 2953 quem
983 2870 1173 2950 continent,
1196 2872 1228 2933 ui
1244 2888 1287 2936 uc
1305 2875 1387 2954 pote·

335 2993 425 3054 state
447 2987 507 3064 (tt.
520 2988 669 3060 21-34.)
692 2993 803 3053 statim
827 2987 867 3064 (t.
881 2989 947 3061 35.)
969 2991 1011 3055 ad
1034 3010 1075 3055 en
1096 2992 1263 3072 transire,
1287 2990 1387 3075 quibus

336 3109 550 3175 aduersarius
573 3112 658 3177 hunc
682 3114 988 3195 interpretationem
1006 3117 1281 3197 oppugnauerut,
1303 3116 1386 3196 atqu

337 3234 369 3296 in
393 3235 450 3314 iis,
478 3218 647 3318 utcunque
676 3234 820 3313 leuibus,
843 3232 1030 3299 refutandis
1051 3235 1257 3317 aliquantum
1281 3246 1385 3319 operte

335 3373 550 3436 consumere3
579 3360 647 3419 tum
676 3374 755 3419 uero
786 3357 878 3440 quusi
909 3375 1029 3422 caussn
1052 3357 1114 3418 inm
1138 3360 1298 3439 perorata
1319 3353 1385 3419 sut·

334 3476 472 3555 sistere,
494 3479 594 3559 atque
616 3477 744 3561 reliqua
765 3475 949 3542 aduersarii
971 3477 1138 3560 praestitis
1162 3480 1273 3541 omniu
1294 3488 1384 3541 nont

335 3597 563 3675 superioribus
585 3597 681 3661 modo
704 3617 880 3681 seperare,
903 3596 963 3662 sed
986 3601 1085 3663 eitum
1108 3603 1207 3663 extru
1224 3616 1318 3663 omne
1336 3597 1383 3660 tue

335 3717 488 3782 iudicium
512 3736 728 3802 caussamque
743 3720 911 3804 ubtegnre.
945 3716 1072 3785 Cnussn
1089 3719 1206 3805 Tullii,
1229 3721 1305 3784 tutis
1319 3719 1381 3790 tere,

335 3842 433 3921 puto,
465 3839 529 3904 hoc
558 3840 634 3905 tuce
661 3840 725 3904 suit
752 3841 924 3906 Ciceronis
955 3843 1082 3921 oratio,
1116 3845 1190 3906 totu
1212 3842 1380 3907 continetur

334 3957 506 4024 Praetoris
528 3961 686 4043 formula,
708 3980 745 4025 re
766 3965 883 4050 gestu,
905 3960 1088 4027 aduersarii
1105 3963 1331 4028 confessione:
1348 3952 1377 4017 dt

332 4080 385 4144 his
419 4101 516 4165 quum
549 4084 632 4146 sutis
665 4083 788 4149 dictum
820 4084 880 4166 sit,
914 4084 1041 4168 reliqua
1070 4085 1104 4147 in
1135 4091 1251 4150 uestrn
1273 4082 1332 4149 tide
1348 4091 1376 4142 tt

274 4205 279 4213 ’
332 4203 512 4291 religione,
544 4224 612 4269 non
640 4206 675 4269 in
704 4204 901 4288 defensione
928 4210 1045 4271 nostru
1075 4209 1189 4290 posita
1212 4225 1300 4290 esse,
1325 4214 1373 4288 egi
