3114 5046
337 390 378 453 50
445 383 540 487 Gap.
563 388 597 461 1.
648 384 711 461 De
735 390 822 462 inre
844 409 1005 462 conasse
1030 388 1300 478 Quinctianae.

167 572 314 681 ‚ffffl'uss-
334 596 405 643 rum
439 576 525 644 loeis
566 578 651 643 male
686 574 919 649 intellectis¹⁵)
955 580 1080 645 temere
1115 576 1406 651 concludebatur,

333 702 509 767 missionis
531 716 572 764 ac
593 703 822 785 possessionis
838 698 1010 765 diuersum
1033 703 1166 766 omnino
1187 718 1320 786 genus,
1342 700 1407 783 ius,

335 818 483 885 ordinem
505 821 695 905 exitumque
718 820 842 902 inisse,
866 824 964 905 prout
990 824 1049 886 aut
1071 822 1231 887 iutnutio
1254 819 1406 885 autad-

334 945 451 1008 sentta
473 940 664 1026 postulandi
682 958 803 1007 caussa
825 945 934 1027 esset3
956 941 1112 1007 uidelicet
1134 941 1293 1008 absentis
1315 943 1408 1006 bona

334 1061 559 1129 creditoribus
580 1061 754 1146 possidere
776 1063 876 1128 iussls
906 1063 1080 1128 crestodire
1109 1064 1238 1127 mnium
1260 1079 1304 1128 ac
1325 1080 1407 1128 ser-

334 1201 423 1250 nure
444 1184 596 1265 licuisse,
617 1183 798 1249 latitantis
818 1202 899 1249 uero
921 1184 1016 1271 quasi
1044 1182 1197 1248 manner
1221 1183 1407 1270 possidere

335 1310 496 1389 certoque
527 1302 644 1368 ordine
666 1304 765 1369 etiam
794 1303 1008 1390 proscribere
1035 1306 1138 1388 atque
1169 1303 1327 1369 inardere
1353 1306 1408 1369 ius

335 1425 454 1490 inisse.

202 1516 204 1525 Ι
399 1546 499 1613 Unde
526 1566 624 1633 quum
652 1547 758 1610 oratio
787 1563 849 1624 pro
878 1542 1034 1625 Quinctlo
1055 1544 1265 1630 frequentem
1289 1548 1408 1612 conti-

336 1673 434 1735 neret
464 1672 499 1734 et
535 1665 848 1754 proscribendorum
881 1669 916 1731 et
955 1664 1205 1731 uendendorum
1239 1666 1407 1732 bonorum

337 1785 602 1875 mentionem¹⁶),
638 1790 744 1853 satius
765 1789 870 1851 uisum
892 1790 963 1874 est,
990 1788 1151 1852 communi
1174 1788 1257 1853 luris
1278 1791 1408 1854 rationi

337 1930 488 1979 caussam
521 1909 665 1992 Quinctii
699 1906 948 1974 accommodare
981 1925 1077 1992 quam
1110 1908 1273 1995 religiosa
1307 1909 1409 1976 huius

338 2034 575 2099 obseruatione
606 2032 768 2096 rationem
790 2029 877 2093 illam
905 2027 1103 2093 disturbare.
1161 2026 1237 2109 Quo
1261 2033 1408 2098 consilio

337 2154 439 2219 iaclle
466 2172 507 2218 eo
524 2154 730 2237 peruentum
761 2154 828 2230 est,
858 2152 895 2212 ut
915 2150 1041 2233 spretis
1063 2167 1148 2235 quae
1168 2156 1409 2239 repugnarent

339 2275 510 2354 omnibus,
546 2273 690 2337 latitalio
713 2273 944 2359 ingereretur,
979 2271 1153 2335 absentiae
1174 2289 1258 2336 uero
1282 2290 1409 2338 caussa

338 2396 499 2462 acerrime
521 2393 756 2477 expelleretur.

402 2514 566 2603 Magnum
587 2516 696 2577 autem
726 2511 802 2577 huic
830 2513 934 2576 errori
961 2509 1161 2594 praesidium
1187 2511 1269 2578 inde
1301 2532 1409 2600 para-

340 2637 459 2719 batur,
486 2633 574 2720 quod
595 2635 689 2700 ouius
711 2634 798 2698 bona
820 2638 983 2717 tamquam
997 2633 1161 2697 latitantis
1183 2633 1409 2717 possideren-

339 2762 419 2843 tur,
447 2758 477 2821 el
500 2754 638 2842 perinde
666 2758 768 2838 alque
789 2754 919 2818 absentl
946 2750 1067 2836 depelli
1090 2755 1244 2837 potuisse
1267 2761 1411 2821 constat

339 2879 608 2965 possessionem,
643 2877 671 2941 si
708 2877 781 2959 quis
808 2876 897 2938 intra
927 2876 1088 2938 statutum
1120 2876 1253 2959 tempus
1284 2877 1411 2943 iustam

340 3002 413 3066 eius
433 2998 660 3064 defensionem
682 2997 869 3078 susciperet
881 2990 929 3066 ¹⁷).
987 2991 1118 3079 Quippe
1146 2995 1235 3060 falsa
1258 2997 1319 3063 illa
1340 2997 1410 3063 do-

341 3123 450 3187 ctrina
482 3115 671 3202 impeditis,
723 3136 818 3198 quum
855 3116 974 3199 ubique
1011 3115 1193 3200 disceptari
1230 3117 1411 3199 uiderent,

341 3238 517 3321 Quinctius
530 3239 653 3302 absens
673 3235 832 3300 defensus
854 3234 974 3300 fuisset
995 3253 1119 3316 necne,
1140 3255 1240 3300 unum
1257 3244 1412 3324 exopta-

342 3364 474 3449 tumque
496 3358 681 3442 apparebat
703 3358 736 3420 in
759 3376 798 3421 eo
822 3357 1008 3442 perfugium
1031 3374 1125 3437 esse,
1147 3360 1184 3420 ut
1207 3357 1251 3422 ad
1276 3359 1412 3426 intitu-

377 3605 672 3663 remanseranturbes
692 3605 766 3653 omni
789 3604 840 3653 bac
897 3617 940 3667 po.
957 3617 982 3652 e.
1003 3603 1033 3651 l..
1047 3603 1073 3652 7.
1094 3601 1144 3666 55.
1166 3605 1270 3656 1617.
1290 3609 1357 3660 eod.
1379 3611 1410 3660 L.

341 3697 454 3746 materia
479 3695 554 3744 l..7.
588 3691 616 3754 ss.
639 3694 663 3741 1.
701 3692 730 3740 L.
751 3692 777 3740 2.
798 3707 838 3755 pr·
896 3693 938 3743 16.
958 3689 987 3752 5.
1007 3694 1032 3740 i.
1061 3692 1294 3746 boloniensi..
1317 3699 1345 3750 1.
1372 3699 1413 3750 lle

340 3785 360 3834 l.
380 3785 405 3834 6.
426 3780 454 3845 6.
475 3785 498 3832 1.
535 3783 614 3844 Quib.
635 3793 665 3829 ex
682 3794 741 3828 cau·
756 3781 783 3828 in
795 3793 838 3842 po.
896 3780 1011 3842 negotiis
1030 3782 1123 3841 gestis.

340 3886 365 3922 e.
403 3870 567 3933 Theophilus
583 3871 615 3919 ad
629 3883 668 3932 pr.
685 3868 705 3916 l·
725 3867 763 3916 lle
781 3881 840 3916 suc·
930 3867 973 3922 16)
992 3868 1058 3917 Vide
1077 3882 1101 3917 c.
1122 3869 1148 3919 6.
1169 3872 1411 3925 15.16.18-21.

340 3960 508 4011 cessionibus
519 3958 638 4006 sublatis.
668 3956 698 4003 L.
712 3954 738 4003 3.
755 3952 783 4015 §.
796 3955 839 4003 23.
894 3955 938 4003 23.
958 3955 1002 4004 at.
1022 3957 1066 4007 26.

338 4048 378 4099 iio
393 4048 425 4096 Α.
445 4061 472 4095 u.
489 4047 521 4095 Α.
533 4046 581 4094 Ρο.
601 4045 631 4093 l..
647 4045 690 4092 21.
709 4039 757 4103 §b
772 4044 798 4092 2.
810 4043 836 4092 3.
928 4041 971 4095 i'il
990 4043 1090 4094 Confer
1115 4051 1225 4108 praeter
1249 4051 1411 4102 orationem

338 4135 368 4187 l..
386 4135 430 4184 22.
451 4149 491 4197 pr.
506 4134 535 4184 L.
550 4133 592 4182 23.
613 4129 643 4193 §.
656 4132 683 4180 i.
711 4131 746 4178 Ex
763 4126 835 4190 quib.
894 4143 941 4192 pro
960 4131 1086 4192 Quinctio
1105 4135 1188 4183 eliam
1208 4135 1240 4186 L.
1261 4138 1307 4188 33.
1329 4137 1361 4201 5.
1383 4142 1410 4191 1.

339 4239 399 4274 cau.
414 4225 476 4272 rnai.
489 4222 518 4270 L.
534 4222 574 4270 13.
596 4220 674 4282 Qulb·
690 4232 720 4269 ex
734 4229 793 4266 esu.
810 4214 836 4262 in
894 4217 932 4267 lle
954 4220 1011 4268 rab.
1031 4227 1135 4271 auctor.
1158 4223 1215 4272 lud.
1238 4239 1284 4288 po.
1305 4225 1411 4290 (uerba
