3114 5046
362 306 406 430 s..
426 339 467 415 5.
506 336 568 414 De
594 336 831 440 Arpumentc
856 341 1052 414 orationis.
1176 356 1238 421 eun

239 519 318 587 «ndi
338 538 386 584 cc
406 523 543 606 nepotis
565 538 644 586 cum
664 517 803 585 domtus
818 520 989 584 eiusmodi
1006 521 1104 605 peste
1118 527 1395 627 semu-fflgiffiiul-

241 639 404 708 «euictus
425 639 576 726 efflcptta

236 764 308 830 lem
339 760 423 827 hece
455 781 498 826 un
527 780 608 827 uera
634 763 719 850 siut,
748 779 844 828 omne
865 761 1019 828 iudicium
1041 765 1184 828 uertitur
1205 764 1240 826 in

173 886 388 966 cuulecturs,
426 901 511 968 quse
548 888 614 948 tem
648 883 691 948 de
725 884 838 950 uerbis
867 902 963 969 quum
995 882 1038 949 de
1070 885 1240 949 sententis

172 1003 251 1093 §piu
275 1001 331 1091 iti,
361 1006 479 1069 misere
502 1006 688 1087 mutilatae,
717 1006 880 1090 capietur.
923 1002 987 1088 Qui
1013 1001 1239 1076 uersiculus⁴i

171 1100 359 1195 *codiee
384 1096 609 1192 Ambrosluno
638 1117 737 1208 (num
759 1127 792 1191 in
814 1125 1013 1192 'laurinensl
1036 1141 1103 1192 non
1121 1117 1239 1208 extet]

173 1251 226 1316 slc
247 1249 394 1339 legitur:

242 1370 471 1437 «Acerronius
500 1365 670 1455 quolmode
693 1370 802 1455 potuit
822 1360 827 1447 Ι
848 1367 1089 1436 sedetorareex
1110 1363 1115 1449 Ι
1136 1398 1177 1410 -
1198 1398 1240 1412 -

241 1520 301 1552 ι-
322 1485 389 1571 -Ι
411 1494 497 1558 mlne
520 1491 679 1557 eiusmodi
699 1483 704 1570 Ι
725 1492 953 1557 semustilatus
967 1483 972 1571 Ι
986 1491 1114 1580 elingit
1134 1485 1139 1569 Ι
1162 1490 1241 1559 Ad-

240 1611 352 1680 «ducit
374 1616 438 1680 iste
460 1607 595 1693 initereu
617 1617 651 1677 in
672 1605 813 1689 scitum!
834 1612 984 1679 homines
1010 1607 1145 1692 elecltcs
1167 1632 1241 1678 ms-

240 1736 356 1800 ·ximis
377 1728 500 1816 culinis
520 1740 557 1800 et
578 1735 720 1816 uiribus,
740 1726 746 1812 Ι
768 1737 803 1800 ct
823 1735 854 1800 is
874 1753 981 1820 sums,
1005 1726 1106 1818 quse}
1120 1735 1240 1820 cuique

241 1849 389 1936 «leubilis
423 1846 605 1938 (abitalia)
637 1861 739 1940 utque
768 1857 849 1940 epta
879 1859 1013 1942 essent,
1049 1862 1238 1940 comparet:

242 1996 401 2063 «prorsus
422 1981 460 2042 ut
482 1979 591 2062 quiuis
612 1978 844 2064 intellegeret,
866 1996 934 2041 non
956 1995 1016 2041 cos
1030 1974 1074 2042 sd
1087 1995 1156 2041 rem
1177 1996 1239 2041 ru-

240 2101 395 2183 ·stiesm,
423 2118 537 2164 uerum
568 2098 613 2164 sd
634 2096 770 2166 caedem
793 2116 833 2164 sc
856 2117 1002 2185 pugnem
1024 2100 1236 2183 comparari·

173 2217 241 2287 Uiri
262 2220 417 2286 lucunsrn
439 2220 600 2306 indicunt,
628 2221 761 2307 relique
779 2239 859 2304 purs
880 2220 968 2302 folii,
999 2238 1084 2306 quse
1105 2222 1240 2287 circiter

172 2339 327 2408 undecim
342 2359 478 2426 uersus,
499 2340 704 2408 undenurum
722 2342 826 2439 ierne
842 2344 1043 2424 litterarum,
1066 2343 1239 2425 continuit,

173 2460 314 2529 desecte
335 2467 397 2528 est.
409 2459 436 2535 ⁵)

239 2555 328 2666 Quid
349 2603 433 2674 ergo
456 2577 539 2650 est?
569 2583 786 2654 Nuiuirtns
811 2605 829 2651 e
851 2588 941 2651 notis
962 2603 1240 2667 suppresserunt,

173 2724 243 2771 unu
273 2709 401 2770 tuntum
436 2708 550 2773 littere
583 2711 725 2794 mutatu,
758 2710 902 2772 cacteris
929 2709 965 2770 in
995 2706 1059 2771 fine
1081 2704 1239 2787 ndiectis,

173 2825 288 2893 effecit
308 2846 347 2892 sr
368 2847 412 2893 ur
433 2848 523 2892 rurs
538 2848 584 2893 rur
601 2848 832 2915 rxcnsnssr,
855 2846 992 2913 eumque
1006 2829 1241 2910 coniecturum,

173 2946 276 3015 uslde
304 2949 408 3034 primu
430 2948 560 3035 quidem
587 2950 674 3017 iucie
702 2950 923 3036 probabilem,
952 2952 1093 3030 caeteri,
1121 2966 1242 3013 uereor

174 3088 219 3135 ne
239 3070 338 3136 nimis
360 3071 583 3154 confidenter,
611 3076 813 3157 receperunt
822 3091 833 3156 ;
861 3089 925 3138 nec
954 3069 1128 3156 quidquem
1151 3068 1241 3134 uliud

173 3190 337 3278 deinceps
365 3197 525 3283 egerunt,
556 3195 619 3258 nisi
641 3198 677 3256 ut
700 3196 734 3256 in
756 3193 953 3279 supplendis
973 3192 1110 3277 reliquls
1131 3189 1241 3255 unde·
1264 3165 1267 3171 ⁵

173 3312 246 3379 clur-
270 3314 447 3381 uersiculis
482 3333 522 3380 eu
552 3313 731 3379 diuinandu
754 3315 1030 3400 assequerentur,
1061 3329 1241 3398 quaecum

173 3435 359 3502 initialibus
386 3437 527 3520 proximi
553 3436 625 3501 folii
653 3437 792 3522 litteris,
820 3437 992 3503 uocabulis
1017 3438 1052 3500 et
1072 3436 1242 3500 sententie

176 3545 316 3654 (·mtnc
337 3559 506 3623 eiusmodi
524 3557 765 3624 semustilatus
780 3549 947 3645 effudi»)
971 3558 1142 3643 aptissime
1156 3574 1241 3622 con·

175 3677 397 3767 iungerentur
417 3681 518 3764 utque
540 3679 825 3745 continuarentur.
836 3675 864 3752 6)

210 3905 241 3972 t)
259 3906 393 3962 Continuo
413 3912 510 3972 srelpit
527 3910 610 3962 ueris
629 3911 681 3965 ills,
739 3911 840 3962 «modo
859 3914 964 3972 potuit,
983 3924 1011 3962 se
1030 3910 1137 3962 dstote
1156 3925 1184 3962 re
1198 3925 1240 3962 er·

176 4010 249 4063 quse
265 4001 389 4060 superius
408 4001 435 4050 lu
454 4007 515 4052 ucis
532 4001 679 4052 tertullini.
738 4002 876 4064 senescit,
905 4012 965 4050 cun
992 4001 1110 4062 primunr
1133 4003 1240 4062 potatu

210 4086 239 4152 5)
255 4088 361 4140 Videris
380 4088 431 4138 Ed.
445 4089 559 4152 Psprcnt
578 4103 603 4152 p.
616 4090 662 4141 tu.
738 4089 844 4139 ‹Fadic
862 4094 950 4139 autent
967 4090 1059 4140 stetim
1073 4090 1241 4139 renunttnutt

209 4174 238 4241 d)
255 4176 370 4230 Beisrus
381 4190 390 4228 r
418 4176 593 4231 stcsrrsuius
615 4192 681 4244 quc·
738 4174 865 4243 emutuit
876 4178 947 4230 enirn
957 4179 997 4230 rrt
1008 4190 1090 4241 quun
1101 4178 1241 4230 existuma-

132 4252 135 4257 ’
217 4276 345 4328 unu,
358 4277 408 4322 us.
422 4278 458 4321 uu
1010 4266 1050 4326 39
1073 4337 1077 4344 q
