3114 5046
339 366 381 429 tt
446 360 542 464 Cup.
564 363 600 437 Ι.
652 361 714 437 De
740 365 825 437 iure
850 386 1011 437 ectusaue
1040 363 1304 451 Quinctianae.

171 552 320 658 2¹22?ssssssssss
340 557 434 619 terea
456 556 611 638 quantum
633 552 718 617 satis
737 555 829 617 esset
837 544 888 640 ²⁸),
911 553 1126 642 probauerat,
1147 552 1236 639 quod
1250 553 1409 638 postulo-

172 666 231 704 Μ’·
245 664 319 708 ''M“
339 677 405 758 uit,
438 676 691 760 impetrauerat,
722 674 811 739 bona
845 675 999 740 maiorem
1031 677 1159 760 partem
1189 674 1409 761 possederat,

340 797 518 883 quinetiam
540 794 583 861 ad
614 794 702 861 hunc
730 814 835 881 usque
865 794 950 861 diem
980 794 1175 880 possidebat
1183 787 1240 879 ¹⁹),
1268 814 1407 882 eamque

339 915 586 1004 possessionem
619 918 779 982 bonorum
813 936 880 981 non
911 918 1017 982 solum
1050 917 1215 1009 aduersus
1248 919 1406 984 iniustam

337 1039 454 1105 Alieni
469 1038 708 1118 defensionem,
730 1038 883 1104 Burrieni
898 1037 1070 1105 Praetoris
1084 1038 1222 1106 decreto
1236 1028 1408 1125 reiectum,
1429 1091 1433 1099 .

338 1164 511 1240 tenuerat,
526 1179 639 1226 uerum
655 1162 753 1225 etiam
769 1158 929 1245 deinceps
944 1164 1010 1224 tum
1024 1158 1114 1246 apud
1128 1162 1283 1226 tribunos
1297 1160 1407 1246 plebis

338 1301 434 1368 quam
458 1279 546 1365 apud
569 1283 666 1345 trium
682 1301 843 1346 annorum
860 1282 1042 1347 Praetores
1055 1282 1182 1348 saluam
1196 1285 1299 1368 atque
1314 1282 1413 1347 inte-'

337 1423 432 1493 gram
451 1408 615 1488 perpetuo
637 1407 909 1469 conseruuuerat.
951 1403 1034 1470 Nam
1056 1389 1141 1468 satis
1161 1402 1238 1468 mihi
1260 1421 1406 1489 persua-

337 1545 408 1589 aum
425 1528 497 1599 est,
519 1530 652 1590 certium
667 1523 746 1589 iilud
762 1525 953 1601 orontium,
969 1524 1058 1609 quod
1072 1542 1094 1588 a
1108 1525 1250 1590 tribunis
1264 1527 1405 1610 petitum

339 1645 467 1730 quidem
490 1649 614 1711 utnon
641 1647 848 1732 impetratum
878 1665 965 1730 esse,
993 1665 1066 1713 cum
1098 1647 1210 1732 aliquo
1231 1644 1406 1712 stomacho

312 1780 316 1793 ¹
339 1767 468 1833 'tullius
489 1760 657 1852 refert³⁰),
680 1770 801 1833 nuttam
823 1786 892 1834 rem
915 1769 1022 1857 magis
1045 1769 1179 1853 proprie
1201 1785 1298 1853 quam
1322 1786 1406 1853 pos-

338 1891 520 1955 sessionem
544 1891 703 1955 bonorum
727 1893 830 1975 ipsam
859 1893 1034 1975 spectasse
1063 1881 1152 1975 (qua
1180 1887 1289 1955 dere
1317 1888 1406 1954 infra

339 2012 439 2077 tatius
454 2010 639 2077 disserendi
656 2005 830 2091 occasio³¹)
847 2002 944 2094 erit),
958 2012 1137 2096 quinetiam
1151 2013 1229 2096 post
1243 2009 1406 2076 Alienum

339 2133 529 2215 Quinctium
552 2153 682 2219 quoque
705 2153 777 2199 cum
807 2154 827 2198 a
856 2133 1020 2198 Burrieno
1048 2135 1117 2197 tum
1145 2149 1167 2196 a
1194 2134 1405 2216 sequentium

338 2274 498 2319 annnorum
521 2254 757 2336 Praetoribus,
777 2259 814 2318 ut
832 2252 874 2319 de
897 2256 1109 2338 possessione
1129 2252 1278 2319 Naeuius
1300 2251 1406 2320 decc·

339 2374 418 2441 dere
441 2376 627 2459 iuberetur,
656 2377 792 2460 saepius
814 2374 943 2461 quidem
972 2379 1008 2440 at
1031 2393 1164 2461 semper
1185 2375 1314 2440 trustra
1339 2395 1406 2461 po-

337 2497 528 2561 stuiouisse.

401 2615 496 2698 Quae
519 2620 637 2702 omnia,
660 2623 695 2683 et
712 2620 760 2684 rei
776 2622 920 2686 ueritate
935 2624 970 2685 et
986 2621 1106 2685 notitia
1121 2617 1295 2684 Praetoris
1308 2622 1406 2686 certa

336 2744 438 2823 atque
467 2741 660 2826 explorata,
691 2743 839 2826 quamuis
871 2739 1047 2822 Quinctius
1074 2760 1147 2808 cum
1173 2742 1268 2805 uaria
1296 2759 1406 2830 argu-

320 2864 557 2943 mentatione,
585 2865 703 2947 partim
733 2883 774 2928 ex
798 2867 967 2948 aequitate
989 2865 1109 2948 partim
1131 2881 1174 2927 ex
1195 2863 1310 2927 subtili
1333 2864 1405 2927 ture

337 2980 550 3067 deprompta,
572 2989 690 3049 contra
716 2986 861 3066 ueniret,
884 3002 993 3070 neque
1016 2983 1179 3070 probandi
1204 3001 1267 3067 spe
1296 3002 1405 3069 neque

337 3104 484 3168 fortasse
507 3104 561 3169 uel
583 3103 737 3170 uincendi
760 3107 848 3171 iusta
870 3108 1125 3191 exspectatione
1152 3104 1405 3187 destitueretur,

372 3334 419 3388 281
438 3335 478 3385 Da
497 3349 528 3385 ea
549 3350 577 3386 ra
596 3336 659 3388 uide
679 3337 748 3388 inira
767 3338 796 3403 ἕ.
809 3342 839 3390 2.
900 3338 989 3388 «nihii
1008 3337 1128 3388 alienum
1147 3344 1238 3388 tamon
1256 3339 1313 3388 uita
1326 3351 1405 3402 supe·

339 3429 365 3473 et
381 3419 409 3484 ὅ.
429 3423 457 3472 t.
900 3428 994 3477 orioro
1013 3427 1176 3476 commisit.»

373 3509 419 3572 29)
440 3511 506 3562 Vide
524 3526 548 3562 c.
564 3513 607 3563 31.
630 3514 743 3564 «Multis
763 3530 841 3567 uera·
932 3515 980 3565 30)
997 3516 1054 3564 c-7.
1067 3521 1133 3565 extr.
1149 3512 1347 3577 «Appellantur
1360 3515 1405 3564 tri·

338 3602 842 3668 «ouacontumetiisfflmncuus),piu·
898 3604 1001 3653 obnuit
1033 3617 1051 3653 a
1075 3604 1167 3667 quidm
1186 3616 1244 3651 eum
1264 3609 1330 3652 ercet
1352 3616 1405 3654 ear·

338 3689 438 3737 orimis
452 3689 563 3739 iactatus
578 3691 701 3752 iniuriis,
719 3707 773 3743 nou
788 3699 842 3743 tur·
898 3700 975 3742 otum
987 3692 1117 3741 oumtttum
1127 3692 1250 3753 petitum,
1265 3690 1301 3740 ita
1312 3695 1404 3741 tamen

338 3776 402 3838 «pia
421 3777 453 3825 od
471 3783 499 3834 ,ie
525 3778 570 3827 sed
595 3780 676 3830 miser
701 3781 840 3842 confugit:
898 3780 1076 3840 «disceditur,
1091 3785 1120 3829 ut
1133 3779 1224 3829 idibus
1237 3778 1404 3842 Septembri-

338 3877 375 3914 ιο
394 3864 477 3914 tundo
503 3868 677 3918 ornatissimo
702 3870 840 3931 detectus,
898 3870 969 3918 «boa
987 3869 1016 3918 P.
1030 3869 1185 3931 Quinotium
1199 3866 1256 3917 sisti
1271 3866 1343 3917 Sext.
1360 3868 1404 3917 ΑΙ-

338 3952 519 4015 «ignominiis
538 3957 664 4008 omnibus
689 3960 840 4022 appetitus,
898 3953 1402 4021 nrenuspromiuereo.»-Cont.cuo.

339 4054 419 4091 acum
437 4042 512 4092 titum
529 4045 558 4093 in
568 4046 622 4095 mu
632 4049 753 4109 paternis
766 4048 842 4098 tonte
897 4053 963 4097 extr.
985 4048 1041 4096 edi
1059 4047 1133 4096 anim
1152 4042 1253 4094 tribuni
1266 4042 1355 4106 plebis
1368 4058 1402 4096 no

339 4131 495 4180 «dominari
508 4133 622 4194 uideret,
641 4135 695 4196 ipso
707 4136 777 4200 filice
789 4151 841 4186 nu·
898 4136 1063 4186 «audieruut
1083 4134 1221 4198 quidem.»
1243 4132 1294 4183 rei.

339 4219 406 4269 «sits
423 4220 510 4270 dotem
528 4221 651 4286 conticere
668 4238 721 4272 non
737 4231 839 4286 posset.
932 4222 977 4288 31)
996 4225 1063 4275 Vide
1082 4224 1126 4274 taio
1145 4222 1216 4274 infru
1234 4220 1263 4288 §-
1280 4224 1309 4275 8.
