3114 5046
293 575 362 616 Lm·
375 577 398 616 in
410 589 427 616 e.

280 634 428 685 tammonis-

279 691 327 732 etio.

1340 266 1358 317 r

450 378 512 441 ¹³⁰
561 375 657 479 Cap.
676 377 711 453 1.
762 375 824 454 De
848 381 935 453 iare
961 402 1122 453 caussae
1150 377 1418 468 Quinctianae.

510 566 593 633 Pius
626 569 732 633 etiam·
752 568 889 655 largiar.
931 570 1049 635 Lectio
1078 568 1242 634 tooeoare
1273 570 1321 633 tta
1351 571 1513 636 conuenit

446 690 477 755 ei
504 691 709 774 sententiae,
745 694 783 753 ut
809 690 905 754 simul
933 695 1087 779 nostrae,
1120 709 1185 776 qua
1213 692 1410 776 statuimus,
1447 709 1512 777 pro

443 815 686 900 procuratore,
717 829 788 877 aon
814 816 959 898 propter
973 795 975 799 ⁷
990 812 1081 878 dotto
1113 808 1271 893 Qutrtcttt
1300 828 1348 876 ea·
1376 809 1511 876 Edicto

442 949 620 1018 possesso,
652 929 813 997 Alienum
835 931 1001 997 satisdare
1017 931 1151 998 Naeuio
1174 932 1359 1016 postulanti
1385 934 1511 996 iussum

443 1070 537 1136 esse,
574 1053 707 1137 penitus
733 1051 949 1138 aduersetur3
976 1052 1127 1138 adeoque
1148 1071 1290 1119 caussae
1312 1052 1395 1117 nihii
1418 1051 1511 1138 dieo,

443 1162 522 1258 quin
543 1177 602 1238 aut
624 1173 723 1257 haee,
745 1192 841 1259 quam
863 1174 972 1241 adhuc
995 1173 1220 1257 defendimus,
1241 1176 1431 1257 sententia,
1453 1176 1510 1239 aut

440 1295 498 1360 ilia
519 1295 620 1361 lectio
641 1293 822 1385 tttbedore,
845 1279 978 1360 omnino
1000 1298 1044 1360 sit
1065 1295 1257 1361 reiicienda.

504 1450 591 1532 Quid
614 1443 726 1518 enim?
755 1455 810 1536 qui
831 1453 1017 1520 iubebatur
1037 1452 1221 1538 satisdare,
1245 1454 1400 1538 quisnam
1421 1443 1510 1517 iuit‘d

503 1569 671 1660 Alfenus,
694 1575 824 1659 opinor.

503 1695 553 1759 At
575 1697 609 1779 in
631 1696 696 1762 hoe
717 1699 834 1760 nostro
856 1695 932 1762 loeo
955 1698 1029 1781 quis
1050 1696 1182 1762 dicitur
1201 1700 1320 1762 taurus
1342 1691 1448 1761 esre?

505 1814 697 1895 Qotocttas.
739 1817 822 1883 Nam
837 1816 880 1882 ad
897 1817 1075 1901 Alienum,
1096 1817 1153 1881 diu
1167 1820 1269 1882 antea
1283 1821 1450 1882 manuum
1463 1809 1509 1895 ⁴⁸),

327 1931 330 1935 ’
439 1956 508 2001 non
530 1940 643 2021 potest
664 1936 778 2004 hercle
800 1940 830 2002 is
851 1957 960 2003 sermo
983 1936 1093 2024 dirigi.

503 2055 567 2140 Qui
590 2057 764 2122 ferendum
788 2064 840 2123 est
862 2051 956 2125 hoc?

502 2180 557 2244 lta
586 2179 667 2244 terri
700 2197 784 2244 sane
813 2179 953 2264 poterit,
984 2182 1015 2245 st
1044 2182 1254 2265 apparuerit,
1292 2177 1337 2245 ad
1364 2181 1508 2264 aliquam

439 2317 508 2364 rem
522 2281 674 2385 pronao
688 2319 841 2385 persona
857 2298 1046 2382 Quinotium
1062 2305 1164 2387 atque
1175 2299 1337 2367 Alienum
1352 2304 1389 2366 et
1404 2302 1510 2366 tuisse

440 2423 475 2485 et
496 2418 630 2485 habitos
655 2437 741 2485 esse.

431 2522 444 2608 f
502 2539 674 2605 Eiusmodi
695 2543 805 2606 autem
827 2559 884 2606 res
898 2543 964 2606 alia
979 2545 1092 2627 potest
1107 2561 1182 2609 esse
1197 2543 1291 2608 nulla
1306 2544 1371 2609 nisi
1387 2561 1511 2610 caussa

438 2663 496 2727 ilia
519 2665 657 2747 propter
679 2680 775 2747 quam
796 2661 1024 2727 satisdandum
1050 2662 1125 2728 fuit.

503 2781 590 2863 Quid
609 2801 691 2872 ergo
707 2774 787 2847 est?
810 2778 849 2848 Si
862 2789 1107 2869 procuratorio
1123 2783 1300 2850 satisdatio
1316 2785 1401 2870 fuit,
1424 2805 1510 2871 quae

437 2904 480 2970 ab
502 2903 629 2969 Alfeno
653 2905 867 2990 exigebatur,
899 2903 1109 2968 manifestum
1140 2909 1211 2989 est,
1244 2925 1313 2969 non
1339 2926 1445 2990 posse
1469 2926 1509 2972 eo

437 3026 513 3090 loco
535 3025 695 3089 Alienum
716 3003 813 3088 unam
836 3042 908 3089 eum
931 3007 1087 3104 Quinctio
1117 3044 1295 3109 personam
1326 3029 1508 3094 sustinere.

438 3146 554 3230 Neque
577 3150 642 3209 tam
664 3145 776 3208 infans
797 3147 985 3228 reperietur
1010 3147 1196 3231 quisquam,
1224 3149 1279 3232 qui
1305 3145 1509 3227 Quinotium

438 3267 615 3331 domiuum
637 3265 814 3331 obaeratam
835 3264 1000 3330 satisdare
1022 3267 1146 3330 iussum
1169 3285 1247 3333 esse
1269 3266 1381 3357 dieat,
1409 3291 1508 3354 quum

438 3382 588 3469 Alfenus
622 3391 831 3468 procurator
858 3384 983 3451 idcireo
1012 3387 1126 3452 iussus
1154 3393 1264 3478 esset,
1302 3393 1381 3474 quia
1413 3411 1508 3456 nemo

438 3506 568 3570 alienae
600 3508 649 3570 rei
678 3505 820 3570 idoneus
849 3504 1008 3570 defensor
1037 3509 1109 3573 sine
1131 3508 1356 3576 satisdatione
1379 3514 1509 3577 inteili-

438 3629 586 3714 geretur.

501 3743 629 3812 Contra
650 3749 679 3810 si
701 3765 747 3811 ex
768 3765 918 3832 persono
941 3747 1112 3833 Qutuottt,
1147 3749 1180 3814 h.
1201 3770 1230 3816 e.
1253 3757 1399 3837 propter
1422 3757 1510 3820 bona

438 3863 585 3945 Quinctii
616 3886 658 3931 ex
688 3867 809 3932 Edicto
832 3886 1008 3952 possessa,
1036 3870 1185 3935 Alienus
1207 3871 1250 3937 ad
1273 3875 1508 3942 satisdandum

437 3988 724 4072 compellebatur,
761 4008 826 4075 qua
862 3987 904 4054 de
941 4007 1063 4055 caussa
1098 3993 1197 4057 etiam
1235 3989 1446 4084 Quinctius,
1482 4000 1508 4063 si

471 4217 516 4281 tt)
538 4217 603 4267 Vido
623 4232 646 4267 o.
667 4219 709 4266 22.
735 4241 767 4253 -
