3114 5046
382 411 444 472 562
516 388 611 491 cop.
633 392 667 463 1.
723 389 781 463 De
807 393 891 464 iare
915 413 1075 464 octaceoc
1101 387 1320 465 Tullia-noc.

217 605 362 674 pugnos
379 576 451 648 Sed
473 582 508 645 in
531 579 595 646 hoo
618 581 690 645 doti
715 580 802 645 moti
830 580 1004 646 intellectu
1026 597 1167 645 necesse
1190 585 1245 646 est
1267 580 1441 666 fateamur,

215 661 282 700 Μ
379 720 481 787 posse
502 700 581 767 dolo
604 703 689 767 maio
719 700 872 767 damnum
901 698 974 766 dori
1003 702 1102 766 etiam
1128 703 1202 767 sine
1232 704 1278 767 ui.
1329 703 1441 769 Nonne

378 823 410 889 id
433 825 569 909 saltem,
599 824 627 887 si
650 842 693 888 ne
715 825 825 889 coacti
852 821 1002 888 homines
1031 822 1161 908 quidem
1184 825 1441 911 interuenerint,

376 945 493 1010 trorum
513 944 690 1010 uerborum
712 945 852 1030 laqueos
873 938 1038 1034 effugiet?
1080 944 1231 1011 Minime.
1274 944 1362 1014 Noa
1388 967 1441 1013 ao·

375 1066 447 1132 tram
469 1069 572 1152 enim,
594 1068 632 1129 ut
658 1064 801 1152 Ulpiani
821 1085 889 1130 non
910 1068 1111 1132 sententiam
1132 1068 1239 1132 sotum
1262 1066 1327 1133 sed
1349 1071 1440 1134 etiam

375 1189 480 1253 uerba
494 1206 686 1272 sequamur,
708 1187 808 1252 dotus
821 1185 937 1253 molas
960 1185 1067 1253 tabet
1088 1192 1126 1253 in
1145 1206 1185 1253 ae
1206 1193 1245 1254 et
1265 1193 1362 1279 uim,
1384 1208 1439 1256 ue-

297 1327 304 1344 ·
374 1328 443 1373 rum
465 1313 541 1375 sirie
561 1312 600 1373 ui
617 1313 651 1374 si
671 1308 755 1397 quid
768 1307 896 1396 eotiide
913 1309 1107 1375 admissam
1126 1313 1198 1397 eat,
1222 1327 1337 1397 aequae
1359 1331 1438 1378 coo-

373 1428 553 1495 terrebitur.

436 1546 511 1631 Quo
533 1551 567 1614 in
589 1554 772 1634 praecepto
794 1550 823 1614 si
845 1552 1081 1640 consistamus,
1110 1552 1175 1617 iam
1204 1570 1247 1617 eo
1276 1553 1353 1620 fere
1381 1574 1436 1619 nos

372 1672 568 1756 peruenisse
589 1672 787 1758 sentiemus,
815 1677 852 1736 ut
875 1690 1094 1757 quaecunque
1120 1672 1244 1738 damna
1265 1674 1312 1740 ad
1333 1675 1435 1764 tepea

370 1789 550 1882 Aquiliam
567 1795 793 1879 pertinerent,
807 1810 849 1857 ea
869 1794 969 1858 etiam
987 1794 1022 1858 in
1039 1792 1107 1859 irae
1127 1795 1265 1860 actione
1285 1799 1433 1864 uenirent

280 1917 285 1923 '
331 1962 343 1975 „
371 1915 494 1999 omnia,
517 1913 691 1979 dnmmodo
714 1914 792 1980 doio
816 1933 878 1981 neo
897 1914 1001 2002 oaotpo
1024 1915 1130 1980 solum
1146 1919 1327 2000 peccatum
1342 1924 1431 1985 esset.

432 2031 503 2102 Sed
534 2054 575 2101 ea
605 2036 717 2121 opinio
744 2056 822 2100 num
849 2054 971 2120 reapse
1001 2038 1324 2105 iurisconsultorum
1355 2061 1431 2127 quo-

369 2155 507 2221 rundam
529 2156 650 2222 iudicio
673 2157 776 2222 fuerit
798 2158 1032 2243 comprobata,
1054 2176 1163 2243 neque
1183 2178 1317 2249 negare
1336 2165 1430 2228 ausu

368 2295 477 2364 neque
498 2272 715 2364 affirmare⁹);
743 2280 855 2342 tamen
881 2277 963 2344 iilud
995 2283 1147 2364 constat,
1181 2279 1338 2368 Ulpiano
1368 2303 1428 2350 ean

368 2418 437 2463 non
458 2399 636 2483 placuisse.
690 2396 755 2480 Qui
777 2403 897 2465 contra
924 2402 967 2465 ob
993 2400 1029 2464 id
1051 2403 1175 2489 ipsum,
1207 2422 1253 2468 ne
1276 2403 1427 2471 eiusmodi

366 2521 491 2585 exitum
507 2519 631 2585 habeat
647 2520 892 2606 praedictorum
907 2522 1085 2589 uerborum
1103 2529 1345 2609 interpretatio
1366 2545 1426 2610 sua,

366 2639 453 2726 quod
476 2642 544 2707 illic
575 2660 680 2707 sanae
708 2643 789 2707 iuris
816 2645 939 2708 rationi
960 2649 1088 2711 creauit
1111 2649 1319 2737 periculum,
1349 2667 1425 2715 noua

364 2763 427 2827 iam
450 2766 485 2827 et
506 2763 643 2852 longius
665 2763 777 2829 inercie
800 2767 945 2850 repetita
972 2767 1094 2833 domiti
1116 2768 1314 2837 definitione
1335 2773 1423 2837 labo-

363 2887 415 2949 rat
438 2888 475 2948 ut
497 2883 695 2968 depellatur.
738 2885 896 2950 Nimirum
917 2889 951 2951 in
973 2883 1000 2960 §.
1022 2887 1052 2952 a.
1075 2890 1120 2954 ib.
1142 2893 1193 2957 sic
1216 2896 1373 2976 scripsit:

428 3003 604 3093 «Domiti,
626 3005 771 3070 Praetor
792 3008 918 3093 inquit:
953 3006 1073 3076 Omnia
1094 3031 1177 3101 ergo
1201 3013 1327 3080 damna
1348 3035 1419 3082 eoo-

425 3128 550 3211 ntrnet,
573 3132 607 3191 et
629 3126 847 3192 clandestina.
897 3124 969 3196 Sed
998 3152 1066 3196 non
1096 3136 1177 3217 puto
1200 3136 1418 3216 clandestina,

424 3247 509 3311 used
532 3266 589 3333 ea,
613 3267 697 3333 quae
720 3251 880 3315 uiolentia
902 3254 1067 3335 permixta
1088 3259 1177 3320 sunt.
1223 3256 1337 3322 Etiam
1358 3258 1417 3342 quis

424 3376 542 3434 orecte
565 3368 714 3454 definiet,
736 3372 765 3434 si
788 3370 866 3455 quid
887 3374 982 3438 solus
1003 3373 1174 3440 admiserit
1195 3379 1273 3460 quis
1295 3398 1362 3443 non
1383 3378 1414 3459 ui,

421 3508 512 3553 «uon
534 3492 699 3556 contineri
726 3491 790 3558 hoe
812 3492 952 3578 Edict03
983 3500 1033 3580 et,
1067 3498 1097 3561 si
1125 3495 1205 3581 quid
1233 3497 1413 3565 hominibus

420 3612 590 3694 «coactis,
622 3615 720 3677 etiam
742 3615 770 3679 si
792 3616 865 3680 sinc
887 3618 937 3699 ui,
967 3615 1141 3682 dummodo
1165 3617 1246 3684 doio
1270 3622 1356 3688 malo
1379 3620 1410 3685 sit

420 3762 431 3790 u
444 3730 634 3818 admissum,
660 3732 789 3801 adhoc
812 3734 966 3802 Edictum
988 3742 1177 3823 spectare·

384 3961 411 4023 a)
430 3962 748 4024 SenacoaControu.V‚5.
769 3982 782 4011 o
793 3969 855 4019 Len.
915 3974 950 4021 ita
961 3972 1101 4021 cromerus
1110 3972 1127 4020 Ι.
1137 3973 1154 4022 Ι.
1166 3973 1404 4034 supramemor-

351 4050 426 4110 «Qui
436 4055 522 4101 sciens
533 4052 659 4105 damnum
671 4054 786 4114 dederit,
798 4056 857 4105 red·
914 4072 975 4109 man
985 4061 1109 4110 adiiciat:
1121 4062 1402 4127 Retiuuisseiiruiusiu·

348 4138 415 4187 odat
434 4139 631 4202 quadruplum
654 4146 699 4205 qui
723 4146 848 4203 insciens,
913 4141 1402 4215 dieiimeuroriam)etScoecatirhnrd

349 4227 529 4287 «simplum»
550 4229 624 4290 Quae
636 4231 717 4282 uerba
731 4233 853 4284 iiheioria
913 4236 997 4288 uideri
1012 4244 1113 4300 potast;
1132 4264 1162 4275 -
1182 4254 1229 4292 nee
1241 4248 1328 4293 tumea
1336 4243 1403 4289 tarit-
