3114 5046
341 358 402 423 184
449 358 543 460 Cap.
565 359 604 471 ΙΙ.
656 357 718 434 De
744 362 830 435 iuro
854 383 1015 435 caussae
1041 357 1304 447 Quinctianae.

255 565 303 597 ⁸0¹·-
400 550 491 617 licce
523 552 582 615 tibi
610 548 654 616 ad
689 549 895 639 tragoediam
932 549 1171 632 exhibendam,
1199 553 1396 636 praesertim

169 678 210 712 ⁸⁴¹¹·
337 672 430 738 cuius
466 672 564 737 etiam
597 671 756 737 comoedo
789 672 913 756 primae
951 676 1065 756 partes
1100 672 1330 738 tribuerentur
1338 667 1394 755 ³⁶),

336 796 458 882 ingens
485 797 730 880 argumentum,
762 791 804 857 ad
834 795 886 858 ius
913 798 1023 887 autem
1052 794 1149 860 ciuile
1171 797 1206 859 et
1226 791 1271 858 ad
1292 812 1398 860 caus-

336 933 404 979 sam
428 912 527 979 iudici
554 912 756 997 probandam
784 914 883 979 ualde
904 933 976 980 meo
1003 913 1134 999 quidem
1156 913 1279 983 iudicio
1301 913 1399 979 intir-

336 1055 431 1099 mum.
476 1032 608 1120 Quippe
635 1054 697 1099 suo
720 1036 868 1120 periculo
890 1035 1039 1102 Naeuius
1060 1035 1093 1100 ld
1116 1037 1230 1126 egisse
1252 1035 1398 1103 uidetur.

336 1155 441 1238 Quem
463 1158 561 1222 sicuti
583 1175 679 1221 nemo
701 1158 799 1242 culpa
819 1158 1022 1223 liberaturus
1048 1163 1161 1242 esset,
1192 1158 1221 1222 si
1243 1157 1400 1243 quando-

337 1296 466 1364 cunque
494 1278 581 1342 bona
609 1274 756 1358 Quinctii
791 1280 825 1342 in
853 1276 964 1344 Gallia
991 1280 1082 1343 iussu
1114 1297 1176 1344 suo
1204 1282 1240 1344 at
1270 1280 1400 1344 iniussu

337 1399 510 1464 Praetoris
542 1402 706 1483 occupata
743 1399 909 1483 iniissent,
948 1400 1026 1484 quia
1056 1399 1204 1465 tortasse
1237 1398 1401 1485 Praetor,

337 1538 432 1605 quem
465 1523 700 1604 exspectasset
729 1521 893 1585 iussorum
923 1538 1014 1608 esse,
1047 1522 1273 1605 postulantem
1309 1523 1401 1586 reie-

337 1644 459 1727 cisset3
482 1642 531 1706 sie
553 1645 671 1708 contra
693 1643 872 1726 aequitatis
893 1643 980 1707 ratio
1002 1645 1175 1731 suggerit,
1200 1645 1238 1707 nt
1260 1645 1295 1706 in
1317 1661 1401 1728 pro-

339 1765 448 1848 posita
470 1764 582 1848 specie
604 1765 732 1849 pariter
750 1763 830 1848 plus
851 1767 890 1828 tu
910 1782 948 1827 re
967 1781 1071 1852 φιαηι
1084 1767 1123 1828 tu
1137 1767 1401 1829 existimatione

336 1883 447 1970 trime
469 1887 648 1950 statuatur.
699 1883 815 1968 Neque
837 1884 905 1948 ullo
927 1882 1024 1948 modo
1046 1886 1253 1951 conueniens
1274 1887 1347 1968 est,
1367 1886 1401 1948 in

339 2008 555 2092 possessione
581 2008 757 2088 bonorum,
790 2023 887 2090 quam
915 2003 1176 2090 adprehendere
1204 2007 1269 2070 nisi
1292 2004 1402 2070 Prae-

339 2131 415 2193 tore
449 2133 588 2193 auctore
630 2146 699 2191 non
738 2125 924 2212 prouidere
957 2129 1131 2210 uetantur,
1167 2130 1255 2192 trasei
1295 2127 1404 2216 magia

342 2268 438 2334 qoam
459 2247 552 2333 facti
572 2253 704 2332 tempus
725 2252 890 2332 spectare.

404 2369 476 2436 Nec
498 2387 549 2433 me
570 2373 698 2453 mouet,
727 2366 815 2453 quod
842 2367 996 2434 laudibus
1017 2368 1055 2434 (2.
1076 2366 1235 2434 Flaccum
1256 2369 1404 2452 impera-

342 2497 447 2555 torem
475 2491 594 2556 Cicero
623 2492 773 2573 extollit,
805 2493 950 2575 quitum
972 2492 1007 2554 in
1028 2490 1201 2575 prouincia
1223 2490 1315 2554 illam
1335 2507 1405 2554 rem

342 2611 557 2678 uehementer
577 2611 808 2678 uindicandam
824 2607 1051 2696 putauerit³⁷).
1095 2611 1228 2676 Etenim
1243 2609 1326 2695 quid
1343 2612 1405 2676 mi-

342 2753 432 2814 rum,
459 2751 532 2798 eum
561 2735 791 2822 magistratum
818 2752 886 2797 non
908 2736 972 2797 uim
994 2734 1100 2798 solum
1122 2750 1162 2798 ac
1184 2730 1407 2798 deiectionem

343 2848 452 2938 (quae
468 2874 535 2919 non
557 2853 654 2919 buius
675 2855 735 2919 sed
759 2855 864 2939 quinti
885 2853 951 2919 loci
974 2844 1049 2932 est]
1071 2870 1206 2937 uemm,
1227 2859 1407 2938 antequam

343 2974 538 3042 Praetorem
560 2977 720 3042 urbanum
741 2977 879 3040 iussisse
899 2977 1062 3058 sciretur,
1092 2976 1190 3039 etiam
1212 2977 1407 3057 possessio-

344 3117 417 3164 nem
440 3089 672 3183 improbasse?

407 3216 543 3285 Saluam
576 3221 681 3305 igitur
713 3217 777 3284 boe
816 3235 947 3302 quoque
985 3217 1060 3282 loco
1101 3216 1220 3283 Naeuii
1253 3234 1406 3283 caussam

346 3342 450 3406 luisse
471 3341 626 3406 arbitror.

409 3458 507 3541 Quod
527 3462 557 3525 si
580 3463 653 3545 quis
674 3460 811 3547 dixerit,
844 3459 964 3544 cupide
986 3463 1115 3547 tamem
1136 3460 1322 3542 malitiose,
1345 3462 1408 3524 im-

347 3581 452 3666 probe
472 3581 633 3648 Naeuium
656 3583 790 3670 egisse,
826 3580 867 3646 le
890 3599 930 3646 ea
951 3599 989 3646 re
1011 3582 1135 3646 nubum
1158 3599 1236 3647 esse
1257 3585 1409 3646 nostrum

345 3699 500 3768 iudicium
528 3701 714 3768 delendam.
758 3700 822 3783 Qui
848 3704 933 3767 enim
954 3703 1032 3768 sciri
1054 3700 1153 3767 bodie
1176 3706 1310 3790 potest,
1345 3720 1409 3768 ue-

261 3810 266 3821 ’
346 3841 429 3889 rane
450 3826 496 3888 sit
518 3824 689 3890 Ciceronis
711 3824 858 3888 narratio
884 3843 929 3889 an
951 3824 1064 3888 uerius
1085 3822 1232 3890 fortasse
1255 3823 1412 3890 Horten-

383 4132 427 4182 tot
447 4130 512 4180 l'ido
540 4129 658 4192 lepidum
686 4130 719 4179 do
743 4130 776 4191 Q.
798 4129 847 4178 lto·
939 4125 984 4191 37)
1003 4127 1081 4180 Coni-
1101 4141 1126 4177 c.
1145 4128 1172 4179 ⁸1.

350 4224 406 4273 seio
424 4219 592 4284 prooemium
611 4219 639 4266 lo
657 4231 681 4266 e.
701 4219 743 4266 at.
765 4230 821 4278 req.
