3114 5046
149 351 185 428 s.
211 339 253 415 2.
309 336 392 424 Quae
407 341 491 412 iure
512 334 575 410 N'.
602 337 698 409 bonu
727 331 785 421 (ἢ
811 335 1028 434 possederit.
1081 335 1121 396 67

125 525 214 609 Quid
236 532 347 592 autem
369 525 410 592 de
435 545 475 591 eo
501 531 700 607 statuemus,
723 523 810 610 quod
831 527 918 591 inter
943 525 1026 592 duas
1047 528 1122 599 inus
1143 525 1286 634 ,gefflg

1140 640 1186 679 otio.

58 651 224 715 lectiones
245 640 384 713 differt?

123 770 199 852 Qua
221 769 261 835 de
286 788 324 834 re
351 771 380 833 si
406 769 478 853 quis
502 767 640 834 iudicem
667 786 717 833 me
748 770 975 849 constituerit,
1005 770 1121 836 iurabo

58 892 136 957 mihi
169 912 237 956 nou
269 892 413 977 liquere,
446 889 520 956 dum
551 889 693 956 Codices
741 890 956 975 consuluere,
991 893 1120 954 nimium

58 1017 158 1079 etiam
182 1013 238 1078 diu
264 1013 328 1079 hoe
350 1017 499 1097 tempore
522 1012 716 1100 neglectos:
749 1013 801 1075 sin
825 1013 923 1075 uenia
948 1010 1062 1096 detur,
1083 1017 1119 1077 ut

57 1137 254 1201 coniectura
276 1133 458 1222 defungar,
480 1131 584 1198 dicam
607 1131 684 1217 quid
705 1134 854 1197 sentiam.

119 1256 279 1322 Nimirum
302 1274 376 1321 cum
403 1253 467 1318 duo
491 1255 548 1318 iiia
578 1254 810 1338 supplementa
840 1257 928 1320 iuter
957 1274 994 1321 se
1026 1274 1119 1321 cum-

57 1396 158 1462 paro,
181 1379 294 1462 potior
306 1375 384 1439 mihi
402 1379 454 1440 est
469 1372 689 1441 Hotomanus
701 1379 825 1462 primis
840 1375 972 1464 soeriis,
995 1382 1117 1441 estre-

55 1504 121 1564 nuir
145 1496 352 1564 huminous.
399 1496 495 1562 Malo
520 1497 605 1561 enim
636 1497 738 1561 breue
769 1495 849 1560 iiiud
878 1494 958 1562 Diei
986 1498 1024 1562 id
1047 1517 1116 1562 uon

55 1625 189 1704 potest,
210 1616 439 1685 Ciceronianis
461 1619 558 1683 etiam
578 1618 739 1702 exemplis
758 1618 824 1681 iiiis
841 1617 1116 1701 commendatum,

57 1760 151 1826 quarn
173 1741 327 1804 iaiiorem
349 1741 446 1803 istam
471 1741 691 1820 sententiam,
727 1756 811 1821 quae
833 1745 974 1822 apparet
993 1737 1116 1803 additis

57 1863 168 1927 uerbis
194 1861 238 1926 de
263 1857 307 1926 P.
330 1858 510 1947 Quietotio,
546 1858 796 1944 haudquaquam
830 1858 1017 1926 mehercule
1051 1878 1114 1924 ue-

57 1984 226 2049 cassarius.

116 2102 247 2168 liadem
272 2121 353 2167 uero
379 2103 528 2167 breuitas
552 2100 595 2165 ad
617 2103 741 2168 calcem
762 2120 966 2189 magnopere
993 2105 1114 2188 placet.

56 2225 172 2310 Neque
203 2226 288 2288 euim
312 2224 448 2288 auribus
473 2227 606 2312 gratum
634 2228 686 2288 est
713 2222 794 2288 iliud
815 2222 871 2290 Ne
898 2224 937 2289 id
962 2225 1113 2312 pridem,

58 2351 231 2431 postquam
268 2344 365 2409 modo
401 2343 485 2409 dixit
520 2341 578 2410 Ne
614 2349 645 2412 ie
676 2344 829 2433 mutuent,
865 2363 972 2429 neque
1001 2347 1115 2409 suauis

59 2468 196 2550 paruula
223 2465 307 2532 haec
335 2465 570 2531 uocabulorum
595 2465 633 2529 td
659 2469 693 2529 et
724 2469 755 2531 te
780 2464 979 2530 differentia:
1016 2463 1113 2530 deni-

61 2607 135 2672 que,
173 2586 264 2673 quod
282 2589 512 2676 grauissimum
537 2590 610 2670 est,
645 2588 787 2651 sermoni
816 2588 984 2653 concitato
1013 2590 1113 2670 atque
1187 2591 1194 2601 '

62 2708 97 2772 ui
116 2711 207 2774 iilam
230 2727 317 2791 rem,
352 2726 437 2793 quae
457 2706 642 2772 iamdudum
664 2711 765 2772 menti
789 2708 967 2792 praecipue
989 2707 1112 2772 obuer-

64 2835 147 2894 utur
167 2822 349 2912 [uidelicet
363 2830 514 2894 absentis
533 2848 601 2894 non
616 2828 744 2894 defensi
760 2831 881 2894 crimen
902 2818 1111 2905 diluendum)

66 2954 250 3035 properanti
283 2951 422 3015 maxime
454 2951 658 3015 conueniens
687 2953 755 3031 est,
797 2955 934 3033 repente
969 2949 1110 3031 abrupto

66 3072 256 3137 alternarum
279 3072 577 3158 interrogationum
606 3088 906 3156 responsorumque
931 3071 987 3134 iiio
1017 3072 1110 3154 quasi

67 3196 197 3257 carmine
231 3194 266 3256 in
298 3191 436 3256 mediam
471 3210 538 3256 rem
574 3190 811 3276 quodammodo
844 3195 984 3257 irruere:
1031 3189 1109 3276 quid

10 3376 12 3381 ,
67 3316 136 3377 enim
158 3316 304 3398 attinet,
338 3314 443 3378 uerbo
465 3331 591 3400 negure
613 3311 801 3395 Quinetiam
822 3332 863 3379 ea
884 3314 1032 3379 ciuusuia
1054 3317 1110 3376 te-

10 3440 12 3463 '
68 3439 139 3513 ueri,
172 3454 273 3520 quum
296 3434 340 3499 ad
362 3437 468 3520 ipsum
498 3433 561 3499 hoc
587 3437 772 3519 primarium
798 3433 979 3499 aduersarii
1008 3453 1109 3519 prae·

68 3555 167 3620 sidium
190 3555 448 3642 expugnandum
471 3573 511 3620 ac
541 3556 694 3621 clientem
716 3555 778 3622 hac
802 3561 895 3640 parte
924 3576 1019 3640 quam
1046 3575 1108 3622 co-

70 3678 238 3754 piosissime
264 3664 506 3741 defendendum
536 3681 673 3760 paratus
698 3680 942 3762 instructusque
965 3671 1108 3742 uenias?

118 3872 163 3936 At
184 3875 269 3938 enim
292 3891 334 3936 ex
357 3872 430 3958 ipsa
452 3873 578 3936 iliorum
599 3875 835 3938 uersiculorum
850 3872 906 3938 Ne
928 3875 1106 3962 tequidem

75 3997 152 4075 uque
172 3991 229 4059 Ne
249 3992 288 4057 id
304 3993 441 4081 qrttdem
459 3993 669 4058 similitudine
693 4000 862 4059 natusest
886 4014 978 4059 error
1002 3996 1106 4059 iibra-

77 4112 116 4197 ri,
145 4117 263 4199 quippe
285 4116 357 4198 qui,
395 4132 490 4198 quum
513 4118 654 4199 priorem
679 4118 805 4182 caiamo
836 4122 1028 4204 exorasset,
1062 4114 1104 4179 ud
