3114 5046
280 582 329 620 i'nra
344 581 416 632 primu.

193 806 196 813 ί
279 833 375 874 bonni.

455 381 516 441 tit
566 376 660 479 Cup.
685 378 717 452 1.
772 375 832 452 De
857 381 942 452 iure
967 399 1127 452 cumaeae
1156 375 1420 463 (tumtum.

513 565 601 634 Sunt
624 571 758 656 singula
783 571 964 653 utriusque.

515 689 569 756 Ad
593 690 735 774 priorem
758 689 822 754 hoc
845 693 1006 775 pertinet:

512 811 588 877 Non
617 814 729 896 potest
759 810 797 875 P.
824 809 1001 892 Quinctius
1028 807 1065 879 S.
1092 810 1221 876 Naeuio
1250 808 1429 895 quidquam
1451 807 1514 874 de-

426 909 538 1000 'bere
592 931 675 998 Nam
698 934 726 999 si
750 931 827 1016 quid
851 933 1050 1019 deberetur,
1077 952 1124 999 em
1155 928 1237 997 cao
1267 930 1397 1017 fratris
1428 949 1510 1018 per-

447 1074 553 1143 emto,
576 1054 843 1143 curiensem,
877 1054 992 1119 deberi
1013 1072 1153 1121 necesse
1175 1060 1277 1119 esset.
1318 1053 1426 1138 Atqui
1449 1071 1513 1118 ne-

447 1195 512 1261 que
533 1195 555 1241 a
576 1172 676 1263 Caio,
699 1174 774 1239 dum
797 1177 948 1260 uiuebat,
970 1194 1079 1261 neque
1101 1194 1122 1240 a
1144 1174 1262 1240 Publio
1285 1173 1411 1239 herede
1435 1180 1512 1258 post

448 1303 584 1363 mortem
612 1298 683 1364 Caii
704 1297 853 1363 Naeuius
874 1299 1008 1383 petiuit,
1037 1316 1080 1362 ne
1103 1296 1188 1361 dixit
1209 1295 1339 1381 quidem
1362 1296 1427 1360 sibi
1450 1293 1512 1361 de-

448 1420 537 1504 beri,
566 1421 716 1504 quamuis
745 1437 865 1484 annum
899 1424 933 1484 et
956 1436 997 1483 eo
1019 1417 1144 1483 diutius
1165 1437 1239 1485 cum
1260 1436 1301 1482 eo
1324 1420 1358 1482 in
1381 1416 1513 1500 Gallio,

447 1539 502 1605 ubi
532 1542 713 1606 communis
741 1559 797 1606 res
826 1546 861 1605 et
892 1558 1007 1605 omnes
1034 1541 1167 1604 litterae
1196 1542 1331 1625 essent,
1367 1541 1512 1624 uixerit,

445 1665 546 1747 atque
561 1663 776 1749 arimonendi,
797 1659 1010 1747 appellandi,
1026 1663 1096 1724 iure
1111 1658 1297 1744 iudicioque
1312 1659 1510 1744 experiundi

448 1788 649 1866 potestatem
685 1801 817 1868 semper
852 1781 1015 1848 habuerit.
1070 1781 1180 1871 Ergo,
1215 1783 1287 1845 siue
1320 1799 1512 1846 communes

448 1901 611 1968 hominum
634 1922 760 1992 mores,
782 1904 854 1968 siue
876 1921 961 1986 quae
976 1901 1095 1969 Naeuii
1117 1903 1162 1966 sit
1184 1906 1304 1966 natura
1326 1907 1512 1985 spectaue-

446 2027 510 2105 ris,
541 2044 608 2089 non
632 2027 742 2109 potuit
764 2027 794 2089 ei
817 2023 992 2108 quidquam
1014 2042 1035 2087 a
1059 2020 1215 2103 Quinctio
1238 2015 1393 2099 deberi⁹i.
1439 2021 1510 2104 Quo

447 2147 596 2210 cumulus
621 2144 776 2218 accedat,
799 2149 910 2210 monet
932 2149 1062 2229 omtm,
1084 2164 1127 2210 ne
1152 2164 1240 2210 nunc
1259 2144 1402 2230 quidem,
1425 2144 1511 2231 quod

447 2267 509 2332 sibi
542 2265 722 2353 debeatur,
758 2266 918 2332 Naeuium
942 2270 1075 2351 petere,
1104 2266 1164 2332 sed
1187 2266 1393 2351 praeiudicio
1417 2268 1511 2332 matie

447 2406 520 2453 cum
543 2406 667 2452 summo
690 2385 836 2468 Quinctii
860 2389 1009 2472 periculo
1031 2388 1187 2474 nullaque
1201 2407 1263 2452 sua
1278 2387 1320 2453 ad
1337 2391 1511 2474 pecuniam

448 2508 709 2593 recuperandam
732 2510 877 2575 utilitate
899 2512 1044 2594 experiri
1056 2504 1109 2587 ¹⁰).

510 2692 605 2775 Quae
635 2698 741 2761 omnIs
770 2698 1016 2785 argumentatio
1046 2715 1141 2780 quam
1175 2695 1322 2761 inualida
1344 2698 1389 2760 sit
1412 2702 1511 2782 atque

446 2815 595 2898 caduca,
631 2819 809 2900 neminem,
846 2818 982 2902 opinor,
1009 2820 1057 2882 rei
1081 2818 1271 2884 iudiciariae
1301 2816 1512 2885 mediocriter

447 2936 577 3021 quidem
601 2940 742 3021 peritum
764 2939 892 3002 latebit.

384 3163 389 3173 ·
512 3124 611 3187 Alter
641 3126 735 3190 toene
762 3129 814 3188 est
851 3122 893 3188 de
925 3123 1112 3189 uadimonia
1141 3125 1288 3190 deserto.
1346 3125 1399 3190 ida
1434 3146 1511 3191 uero

448 3240 622 3310 Ciceronls
643 3247 834 3311 excusatio:

510 3428 739 3494 Vadimonium
773 3427 950 3510 Quinctius
984 3451 1050 3496 non
1086 3432 1257 3518 deseruit,
1300 3435 1426 3520 qnippe
1461 3435 1513 3501 cui

449 3549 571 3613 nulium
594 3555 661 3614 tum
683 3569 756 3616 cum
779 3552 907 3617 Naeuio
929 3553 1149 3618 uadimonium
1172 3554 1291 3633 inerit,
1323 3557 1428 3620 misso
1450 3575 1514 3621 an-

449 3675 504 3735 tea
532 3670 624 3736 iacto
657 3671 744 3756 quod
774 3673 903 3738 suisset.
946 3675 1157 3760 Argumento
1180 3692 1275 3759 esse,
1308 3676 1419 3761 quod,
1449 3698 1515 3763 quo

448 3788 502 3854 die
539 3791 758 3857 uadimonium
801 3793 880 3857 titud
925 3800 1133 3861 contractum
1176 3815 1253 3862 esse
1296 3798 1448 3864 Naeuius
1497 3819 1518 3865 a

448 3908 604 3991 Queri—tio
627 3915 856 4003 interrogatus
876 3917 1055 4001 aliquando
1077 3918 1308 4003 responderit,
1332 3940 1372 3985 eo
1398 3921 1452 3987 die
1477 3942 1518 3987 ne

482 4221 511 4265 ai
531 4233 555 4265 c.
579 4220 617 4265 ii·
642 4220 683 4266 te.
1040 4228 1078 4280 it),
1103 4244 1127 4271 r.
1149 4224 1190 4272 13.
