3114 5046
344 373 403 434 1⁴0
445 369 540 473 Cap.
569 372 603 447 1.
654 370 716 447 De
742 376 827 475 iure
853 397 1014 448 caussae
1043 371 1306 459 Quinctianae.

182 565 321 663 52:2⁸2}
341 562 496 651 intelligi,
522 561 773 648 haudquaquam
797 582 868 629 eam
891 564 995 628 tuisse
1010 565 1207 628 tribuniciae
1223 562 1404 646 potestatis

180 680 262 730 ⁹⁶¹¹·“·
294 638 307 676 p
341 687 509 769 naturam,
533 687 570 748 ut
593 683 813 770 quodcunque
834 685 1008 750 Praetoris
1030 684 1192 750 iudicisue
1214 683 1404 768 decretum,

243 799 245 803 ’
339 809 555 890 sententiam,
593 809 787 870 emissamue
810 809 997 890 opinionem
1021 807 1144 871 tribuni
1169 805 1212 890 pi.
1234 807 1295 869 ant
1317 822 1404 869 con-

339 927 505 991 firmarent
528 928 688 1011 appellati
711 930 825 991 autin
848 929 963 992 melius
983 927 1222 1010 reformarent,
1250 924 1404 1009 adeoque

339 1047 579 1133 quodammodo
601 1049 707 1113 iocum
731 1050 980 1138 magistratuum
1012 1047 1197 1113 iudicumue
1227 1047 1404 1130 superiore

340 1174 509 1254 potestate
543 1169 767 1252 praeditorum
804 1170 1013 1235 obtinerent:
1048 1171 1142 1233 immo
1179 1167 1260 1232 iliud
1294 1168 1403 1255 magis

339 1294 544 1358 tribunorum
577 1294 746 1374 potestate
778 1291 954 1376 officioque
984 1290 1235 1373 continebatur,
1271 1291 1310 1352 ut
1338 1287 1404 1353 ad-

339 1431 458 1478 uersus
489 1413 737 1498 magistratum,
769 1414 841 1478 siue
874 1413 916 1477 ob
946 1411 1205 1476 iurisdictionem
1235 1411 1309 1474 siue
1337 1410 1402 1475 alia

339 1533 381 1598 dc
403 1552 523 1599 caussa
544 1535 714 1623 imperium
737 1537 961 1619 exercentem,
982 1533 1106 1597 auxilio
1130 1535 1261 1616 essent,
1284 1534 1402 1616 priua-

339 1658 475 1740 tosque,
511 1675 594 1741 quos
623 1657 656 1718 ui
677 1656 881 1740 imperioque
902 1656 1119 1743 magistratus
1142 1656 1209 1737 peti
1232 1652 1402 1738 uiderent,

338 1775 502 1841 aduersus
523 1777 672 1842 iniuriam
694 1777 855 1861 appellati
877 1774 1098 1840 defenderent
1119 1775 1311 1860 auxilioque
1341 1794 1403 1839 suo

338 1901 439 1982 atque
462 1899 704 1964 intercessione
726 1902 900 1963 tuerentur
913 1890 943 1976 ¹).

213 2034 250 2071 ·..
267 2046 319 2072 co·
400 2015 547 2084 Alienus
570 2020 689 2106 igitur,
721 2019 858 2084 decreto
887 2019 1061 2084 Praetoris
1084 2016 1251 2082 satisdare
1271 2019 1403 2104 iussus,

339 2159 407 2204 non
430 2142 538 2223 potuit
561 2159 602 2204 ea
624 2140 666 2204 dc
688 2159 725 2204 rc
752 2140 881 2206 directo
910 2142 981 2206 iure
1011 2139 1214 2204 tribunorum
1244 2140 1403 2204 auxilium

338 2262 533 2346 impetrare,
565 2280 673 2346 neque
702 2264 902 2327 contrarium
933 2281 1045 2327 eorum
1071 2259 1240 2328 decretum
1263 2261 1403 2347 eiicere,

341 2400 405 2466 quo
427 2381 583 2446 satisdari
608 2385 765 2465 oportere
786 2387 987 2471 negaretur,
1012 2401 1118 2468 eaque
1140 2383 1271 2447 ratione
1294 2380 1405 2447 Prae-

340 2505 423 2566 toris
445 2502 614 2569 decretum
637 2509 854 2570 auerteretur.

401 2624 519 2710 Neque
553 2626 741 2691 imminebat
774 2626 947 2691 Praetoris
981 2628 1171 2713 imperium,
1208 2645 1272 2710 quo
1310 2633 1406 2692 recta

340 2750 393 2811 uia
426 2745 573 2811 Alienus
603 2746 647 2811 ad
680 2747 908 2813 satisdandum
939 2749 1212 2833 compelleretur,
1252 2746 1407 2832 adeoque

340 2869 482 2934 trihunis
505 2869 612 2952 plebis
633 2871 747 2933 auxiiii
770 2868 899 2934 ferendi
923 2871 1056 2934 occasio
1081 2868 1311 2953 praeberetur.

401 2989 502 3055 Nulla
525 2992 611 3055 enim
634 2997 686 3054 est
708 2991 844 3056 directa
866 2988 910 3054 ud
931 2989 1159 3054 satisdandum
1182 2991 1329 3056 coactio.

403 3111 582 3176 Enimuero
605 3129 700 3196 quem
721 3111 887 3176 satisdare
909 3114 1060 3197 oportet,
1088 3114 1137 3176 rei
1166 3112 1243 3177 loco
1273 3113 1408 3177 consti-

375 3425 401 3491 1)
422 3427 499 3479 coni.
519 3426 682 3478 Haacbtiam
699 3422 734 3478 ad
753 3441 777 3477 c.
797 3425 841 3477 ³8.

340 3530 389 3579 pro
407 3516 512 3577 Tullio,
532 3517 560 3566 iu
578 3517 716 3567 Analeetia
737 3531 763 3579 p·
780 3515 841 3567 155.

346 3603 447 3654 Walter
465 3605 496 3654 li.
512 3605 545 3655 G.
566 3605 841 3669 pisanensis.

900 3425 1049 3475 euidenter
1074 3437 1129 3472 non
1150 3424 1205 3475 iuri
1222 3426 1343 3475 dicando
1360 3440 1409 3477 aco

900 3515 1022 3564 scaettis
1052 3513 1214 3577 querelisque
1247 3513 1279 3564 de
1314 3514 1409 3565 abaco

901 3602 993 3652 otibm
1004 3602 1158 3661 noscendis,
1178 3603 1222 3652 aed
1239 3604 1409 3654 intercessio·

340 3699 367 3743 et
378 3693 407 3742 11.
423 3693 460 3742 ibi
475 3694 531 3743 citt.
555 3720 581 3730 -
604 3693 733 3743 Videatur
751 3695 842 3757 impri-

341 3781 392 3831 mis
407 3777 651 3843 Gattiuaxiii,12.
672 3782 746 3833 «Sed
760 3795 842 3846 quaa·

342 3871 485 3920 arentibus
503 3872 596 3931 uobis,
616 3884 697 3935 quam
716 3872 751 3921 ob
766 3884 842 3920 caua·

342 3972 422 4008 usam
435 3958 553 4019 tribuni,
567 3959 613 4022 qui
626 3959 758 4008 baberent
771 3971 842 4008 sum·

341 4060 436 4096 amam
450 4047 593 4097 coercendi
607 4052 780 4109 potestatem,
800 4047 842 4096 ius

341 4135 480 4186 «uocandi
504 4148 559 4184 nou
584 4135 741 4185 habuerint:
770 4135 842 4199 quod

341 4224 567 4289 «tribuniplebis
590 4223 737 4288 antiquitus
759 4223 843 4274 creati

901 3689 1002 3739 saitae
1020 3689 1149 3752 faciendis
1167 3689 1264 3752 quibua
1279 3705 1409 3753 proesen-

899 3782 959 3827 ataa
982 3777 1107 3840 subeant:
1134 3783 1165 3828 at
1188 3780 1312 3834 iniusta,
1341 3794 1409 3844 qaae

900 3880 1013 3916 acorum
1024 3868 1109 3931 fieret,
1130 3872 1284 3927 arcerem,-
1300 3882 1335 3919 ac
1349 3884 1409 3933 pro·

901 3961 1015 4018 «pterea
1025 3955 1067 4005 ius
1076 3956 1241 4006 abnoctandi
1254 3958 1408 4018 ademtam,

900 4045 1068 4107 «quoniam,
1087 4051 1117 4093 ot
1131 4045 1188 4093 aim
1199 4043 1258 4109 pari
1270 4051 1407 4115 arctarant,

900 4133 1078 4182 «assiduitate
1108 4145 1203 4183 eorum
1228 4139 1255 4183 et
1278 4148 1408 4197 praesan-

900 4223 990 4271 atium
1007 4220 1095 4272 oculis
1113 4235 1182 4285 opus
1201 4228 1289 4274 erat.»
