3114 5046
334 388 400 453 ⁸2⁸
431 385 527 489 Cup.
554 389 590 464 1.
642 386 704 464 Da
728 393 814 465 iure
839 413 1000 466 mussas
1026 385 1294 466 Caeninum.

171 594 308 694 hm·
403 605 463 652 ore
483 589 513 652 si
535 588 600 662 iam
622 588 785 654 biennium
805 593 866 655 aut
894 536 1070 655 triennium
1098 591 1169 670 esi,
1205 605 1305 672 mm
1326 587 1399 651 uir-

402 710 490 773 otuti
511 710 664 775 nuncium
686 712 843 776 remisisti
863 709 1032 776 delenitus
1052 710 1220 776 illecebris
1238 708 1400 793 uolupta-

402 832 489 918 «tls3
511 833 545 896 in
566 831 701 922 integro
723 850 781 897 res
801 832 899 898 nobis
921 832 1020 897 erit·

400 985 476 1055 Hoc
503 992 614 1054 autem
651 990 873 1055 testimonium
904 991 941 1055 ut
973 990 1080 1056 solum
1111 992 1223 1074 esset,
1262 1004 1329 1073 quo
1358 985 1399 1052 de

334 1110 393 1176 illa
413 1107 583 1176 interdicti
606 1111 814 1195 proprietate
837 1111 1072 1198 edoceremur,
1101 1130 1167 1176 non
1198 1085 1398 1197 Ciceronis,

336 1235 439 1319 puto,
471 1230 532 1297 sed
562 1231 718 1298 fortunae
746 1233 846 1317 culpa
867 1233 1020 1300 effectum
1043 1235 1104 1298 est.
1147 1229 1243 1314 Ques
1266 1234 1295 1295 si
1320 1249 1399 1295 ora-

336 1355 459 1418 tionem
486 1373 550 1437 pro
572 1347 624 1418 M.
648 1350 764 1420 l'nilio
792 1354 957 1444 integram
981 1355 1077 1420 nobis
1098 1352 1310 1440 reliquisset,
1344 1354 1399 1416 uix

336 1473 471 1558 dubito,
503 1475 581 1560 quin
608 1476 642 1539 in
665 1493 694 1541 c.
714 1473 765 1537 ld.
789 1479 823 1541 et
845 1475 1007 1561 deinceps
1021 1469 1044 1552 ⁴)
1074 1493 1141 1542 uns
1163 1492 1237 1541 cum
1260 1491 1401 1540 enume-

336 1597 468 1662 ratione
490 1599 697 1662 caeterarum
727 1615 852 1672 rerum,
883 1599 1003 1684 quibus
1024 1595 1237 1665 interdictum
1261 1600 1402 1681 propter

335 1722 475 1785 cunctos
503 1721 716 1804 armatosque
742 1717 893 1785 homines
919 1721 1074 1804 asperius
1094 1716 1248 1784 redditur
1270 1714 1402 1784 sotori-

334 1858 401 1926 que
422 1839 571 1924 facilius,
600 1842 699 1906 etiem
727 1858 860 1906 annuae
889 1839 987 1905 huius
1014 1842 1226 1926 exceptionis
1254 1841 1403 1904 omissae

335 1959 493 2026 disertum
520 1962 718 2027 mentionem
749 1961 955 2028 haberemus.
1004 1961 1122 2048 Neque
1150 1959 1232 2025 illud
1257 1979 1405 2048 magno-

336 2100 417 2167 pere
439 2080 620 2146 mirandum
646 2085 714 2165 est,
744 2083 779 2147 ln
801 2084 953 2148 cretione
982 2102 1046 2168 pro
1069 2079 1246 2171 ocem,
1278 2082 1406 2148 ubido

335 2201 506 2268 interdicti
528 2200 653 2287 duplici
675 2202 783 2290 figura
810 2207 941 2293 agitur,
971 2205 1139 2270 arenolem
1165 2222 1238 2269 eum
1258 2205 1409 2271 stereus

335 2326 487 2388 naturam
509 2343 578 2388 non
600 2328 866 2413 commemorari3
900 2345 973 2389 nem
996 2325 1105 2411 palam
1127 2329 1198 2408 est,
1232 2329 1410 2392 oratorem

335 2445 370 2508 ln
392 2445 552 2529 peculiari
573 2451 801 2529 possessionis
831 2449 1027 2532 quaestione
1056 2446 1143 2528 iilic,
1173 2449 1304 2512 nonin
1328 2448 1410 2512 uul-

335 2585 436 2632 nersa
465 2568 638 2653 utriusque
667 2567 837 2633 interdicti
867 2569 1089 2652 conceptione
1116 2584 1157 2633 ac
1190 2571 1410 2653 proprietate

335 2691 475 2754 uersari.
521 2685 686 2770 Quocirca
716 2708 783 2754 non
818 2695 942 2754 temere
972 2688 1180 2755 inferendum
1210 2687 1293 2754 inde
1324 2693 1410 2757 erit⁴

336 2810 476 2876 alterum
506 2811 654 2876 fortasse
685 2810 727 2876 de
755 2813 789 2875 ui
817 2810 1028 2876 interdictum
1058 2808 1164 2875 medio
1192 2808 1330 2876 demum
1352 2815 1410 2878 ui-

335 2935 423 3022 ginti
445 2933 580 2998 circiter
601 2950 761 2997 annorum
784 2934 894 3017 spolio
917 2933 1005 2996 inter
1024 2926 1201 2996 Caecinae
1224 2931 1410 2999 deienslo-

336 3058 534 3139 memetque
562 3054 650 3119 illam
682 3047 859 3120 Ciceronis
888 3054 1063 3138 epistolam
1091 3054 1253 3137 scriptam
1278 3054 1410 3121 morial

337 3194 378 3242 ee
399 3174 597 3242 condicione
617 3176 791 3240 liberatum
814 3175 1023 3260 solutumque
1046 3174 1170 3238 luisse:
1205 3192 1296 3260 quae
1320 3195 1410 3243 con·

337 3300 482 3378 lecture,
512 3298 542 3361 si
569 3314 638 3360 rem
669 3298 774 3380 ipsum
804 3297 941 3381 eiusque
963 3297 1045 3361 iuris
1067 3297 1231 3386 originem
1253 3315 1297 3364 ac
1322 3318 1410 3382 pro·

336 3435 490 3506 gressum
513 3417 762 3498 obseruuueris,
795 3435 933 3502 prorsus
962 3417 1041 3481 nihil
1071 3418 1248 3502 probabile
1278 3419 1408 3487 latere

338 3537 515 3603 uidebitur.

250 3736 313 3777 -m
400 3696 538 3763 Absunt
567 3715 669 3782 porro
695 3696 772 3763 lruic
799 3696 979 3763 interdicto
1002 3698 1093 3764 dnos
1115 3699 1196 3764 illae
1219 3705 1391 3788 exceptio-

337 3837 418 3903 nes,
451 3839 535 3907 quas
564 3837 667 3903 supra
698 3821 935 3908 cognocimus,
967 3815 1046 3886 Con
1073 3841 1153 3885 reue
1180 3841 1392 3901 rossensem,

338 3959 427 4014 ouon
448 3962 512 4007 unc
533 3960 568 4006 nr
590 3960 654 4006 nuc
681 3960 772 4006 cusu
795 3960 858 4006 nro
879 3960 1051 4007 neronum
1074 3962 1098 4006 a
1120 3961 1165 4008 nn
1186 3964 1395 4014 eossrnmr.

370 4227 399 4294 lt)
418 4228 477 4293 Quo
493 4230 526 4281 de
545 4230 602 4281 ioco
613 4231 677 4282 uide
695 4231 783 4292 paullo
799 4230 907 4283 interius
926 4243 953 4293 p.
969 4229 1037 4281 ³2¹1.
