3114 5046
126 375 164 452 3.
180 365 231 470 6,
258 358 436 460 Defensio
453 361 494 433 in
508 365 641 459 paries
657 360 829 458 iocosque
845 357 1004 487 dipeeia.
1052 337 1115 439 iiii

10 580 22 601 ι.
54 544 161 632 teret,
185 522 304 612 tamen
320 539 503 607 uerborum
520 545 814 628 coniunctionem,
833 540 986 605 ottonom
1000 543 1115 604 aetio-
1126 554 1276 652 ἐπῆν

54 683 141 730 rorem
164 664 346 752 exempta,
372 664 517 752 denique
545 666 601 727 ires
626 666 662 726 et
688 666 901 751 aequitatem
921 660 1116 749 postutare,

55 792 99 852 nt
120 790 229 851 etiam
251 781 407 870 defensio
427 789 459 849 ei
480 788 616 874 putenm
639 788 758 870 apitur
781 783 863 848 iride
889 788 1013 864 parari
1032 784 1116 869 pos'·
1238 859 1240 865 Ι

57 912 117 974 sit.
160 905 239 971 lam
260 907 378 994 docui,
400 909 467 970 isto
486 909 547 970 tuo
566 923 688 993 setosa,
707 910 739 970 si
761 909 931 970 curiosius
949 906 1118 970 attenda-

59 1047 154 1115 mus,
176 1027 311 1094 truttam
330 1031 405 1092 siue
420 1031 649 1113 pereaipnam
667 1032 786 1091 tamen
804 1022 882 1111 fore
905 1025 999 1093 illitos
1018 1025 1119 1092 etnic-

59 1148 160 1214 miae
184 1147 385 1213 utilitatem
431 1145 486 1212 Tu
517 1152 625 1234 ipttur
646 1152 721 1234 ipse
743 1153 879 1236 statne,
911 1165 1000 1237 puae
1024 1150 1118 1212 ratio

26 1360 31 1367 ι
60 1274 109 1335 sit
129 1287 245 1337 meum
268 1287 407 1335 sunum
428 1269 630 1357 repudiare,
655 1273 693 1333 in
713 1273 773 1333 tno
793 1264 1048 1355 perseuerare!

135 1402 249 1472 Urium
281 1403 367 1469 mitri
401 1408 580 1492 superest,
618 1409 660 1470 nt
688 1404 736 1469 ad
764 1403 853 1470 ittnd
878 1408 1122 1492 aequamentum

64 1533 163 1593 tuum
186 1526 433 1614 respondeam,
458 1525 548 1610 quod
577 1524 621 1589 od
645 1525 832 1591 interdicto
854 1526 897 1589 de
918 1529 957 1590 nt
977 1529 1122 1611 petiisti.

64 1644 208 1736 Refero,
231 1646 419 1735 aliquando
443 1643 633 1712 Praetores
654 1651 707 1711 ita
727 1647 953 1734 interdicere,
974 1653 1016 1712 ut
1031 1648 1124 1713 unde

65 1768 207 1834 dedolo
229 1768 314 1832 molo
337 1767 520 1832 aduersarii
543 1774 643 1832 actor
664 1772 729 1834 arat
748 1767 889 1851 (omitia
912 1774 976 1833 ant
995 1789 1125 1855 procn-
1150 1760 1154 1768 ¹

64 1895 167 1956 rator
193 1894 269 1955 eius
298 1893 337 1955 ui
361 1891 524 1954 detererem
551 1893 616 1978 sit,
643 1894 799 1976 exeeptis
822 1890 1056 1979 excipiendis,
1085 1908 1124 1954 eo

65 2014 208 2076 restitui
229 2006 454 2081 iubeatnr³⁰).
499 2008 593 2093 Quid
616 2006 772 2096 postea?
815 2007 1065 2100 Demonstros,
1087 1996 1151 2077 in'
1248 2061 1250 2065 >

65 2132 130 2197 iiia
160 2151 289 2221 quoque
316 2129 471 2216 formula
500 2131 618 2197 dotnm
645 2133 777 2196 matrem
808 2133 937 2197 ideirco
965 2133 1127 2199 additum

67 2272 159 2341 esse,
191 2272 255 2342 quo
283 2258 396 2340 mopis
423 2258 456 2317 is
481 2258 619 2339 putenm
641 2259 759 2339 apitnr
780 2259 854 2319 tum
876 2274 1005 2344 auoque
1025 2260 1127 2319 tene-
1204 2305 1207 2310 .

68 2379 182 2463 retur,
205 2394 309 2459 posim
327 2374 509 2439 comitium
529 2379 681 2464 iniisset,
705 2380 746 2440 ut
765 2375 809 2439 ab
827 2375 910 2441 atits
921 2382 1021 2442 aetor
1037 2377 1128 2442 deit-

29 2548 31 2553 .
69 2500 226 2581 eeretnr3
252 2501 425 2563 neminem
446 2496 649 2562 auditurum
668 2514 742 2561 esse
758 2495 877 2586 ittam,
899 2501 930 2562 si
949 2502 1044 2563 nise
1064 2499 1129 2562 de-

70 2621 194 2683 iecisse
219 2616 396 2705 confiteri,
423 2617 501 2681 doto
523 2616 616 2682 malo
639 2636 768 2703 nepare
789 2618 951 2684 notuerit.

135 2746 213 2813 lam
230 2767 307 2812 eece
330 2748 393 2812 titri
409 2749 611 2836 concedam,
634 2752 672 2813 in
686 2747 749 2812 itta
766 2749 1000 2816 interdicendi
1012 2748 1131 2834 formo
1155 2791 1159 2797 -

71 2871 220 2936 adiectis
242 2864 384 2934 dedolo
407 2870 492 2933 malo
513 2870 645 2959 uerbis,
679 2871 812 2936 inertiam
835 2875 868 2934 ei
891 2876 1028 2960 puteum
1051 2876 1131 2958 api-

72 2998 133 3057 tnr
163 2986 399 3075 defensionem
419 2995 562 3076 parari,
591 2996 623 3057 si
646 2996 720 3077 ipse
744 2992 989 3083 aduersarium
1011 2996 1049 3057 ni
1068 2993 1132 3056 de-

72 3115 204 3178 iecerit.
248 3110 340 3195 Quid
367 3108 464 3177 ita?
499 3110 554 3177 Tu
586 3112 690 3201 dieis,
723 3116 886 3201 posonium
918 3117 956 3177 tn
989 3117 1068 3198 ipsa
1095 3118 1134 3178 ni

73 3233 176 3300 doleis
206 3239 309 3324 insit,
342 3252 406 3299 nee
433 3238 545 3320 possit
583 3238 642 3323 pii
669 3237 708 3299 nt
738 3235 919 3314 deiecerit,
951 3238 1027 3298 stne
1055 3233 1133 3298 doto

73 3356 169 3423 mato
193 3355 367 3421 deteriore.
401 3353 629 3420 Vehementer
650 3374 760 3418 erras.
789 3351 885 3420 istest
899 3354 944 3431 [tn
964 3355 1028 3420 iiia
1048 3374 1135 3443 pro-

75 3498 141 3569 que
162 3479 343 3544 interdicti
361 3474 532 3564 formata,
554 3481 645 3541 sicut
664 3482 738 3561 ipse
756 3474 980 3566 staretfieosti,
998 3480 1135 3541 nsttm

76 3603 237 3685 exceptio
260 3599 339 3665 Cum
362 3603 458 3664 sotor
481 3596 684 3681 possideret,
714 3594 802 3681 quod
829 3615 891 3662 nec
913 3599 945 3661 ui
968 3615 1031 3662 nee
1053 3598 1136 3663 cium

77 3739 142 3787 nee
164 3722 316 3805 precario
339 3718 537 3803 possideret.
580 3717 661 3784 Hae
687 3722 890 3804 ecceptione
919 3719 1049 3783 diserte
1073 3718 1138 3781 de-

78 3843 256 3930 claratur,
278 3843 415 3930 maredo
441 3846 495 3908 ins
517 3846 566 3908 stt
590 3841 834 3906 aduersarium
858 3844 896 3904 ni
913 3839 1077 3926 deiicere,
1103 3844 1139 3902 et

80 3957 197 4054 (quod
214 3968 411 4029 necessario
430 3953 673 4052 consequitur)
697 3960 834 4050 quartdo
857 3959 937 4026 doio
958 3959 1052 4024 moto
1076 3979 1140 4024 eo-

114 4198 159 4263 30)
178 4197 248 4250 Vide
266 4210 345 4260 supro
364 4210 390 4259 p.
410 4196 472 4248 dii.
