3112 5056
418 337 477 383 vrn

418 483 615 584 seligatur,
653 481 722 557 red
752 483 896 581 integra
926 483 1044 558 oratio
1071 484 1222 582 ipsaque
1249 506 1402 575 caussa,
1449 486 1483 555 in

418 667 489 743 qua
514 640 684 719 docenda
707 647 895 733 uersatur,
923 639 1169 743 disputatione
1192 640 1482 743 comprehenda-

418 811 486 877 tur.
539 802 620 894 Qua
655 803 692 875 in
725 823 768 875 re
803 798 904 875 nullo
935 807 1104 876 monente
1134 801 1251 899 quiuis
1278 799 1484 901 intelliget,

418 959 643 1062 singulorum
669 982 812 1060 quoque
838 958 1025 1052 locorum,
1057 959 1257 1053 dictorum,
1291 961 1486 1059 quinetiam

419 1119 677 1197 uocabulorum
713 1120 983 1195 exactissimam
1015 1121 1190 1195 rationem
1227 1142 1315 1194 esse
1347 1118 1486 1194 haben·

419 1279 522 1370 dam,
551 1300 620 1355 nec
654 1280 770 1377 magis
805 1279 1039 1380 interpretem
1077 1282 1113 1352 in
1151 1281 1316 1355 oratione
1352 1278 1485 1379 expla-

420 1437 538 1512 nanda
574 1461 677 1536 quam
716 1438 753 1510 in
788 1439 870 1539 ipsa
906 1459 1060 1514 cerussae
1086 1435 1248 1515 dictione
1284 1445 1483 1528 oratorem,

419 1599 451 1670 si
478 1604 601 1698 partes
627 1594 861 1696 neglexerit,
888 1598 956 1672 toti
983 1594 1178 1672 consulere
1205 1605 1309 1673 recte
1335 1618 1460 1696 posse.

496 1832 600 1924 Quae
618 1856 722 1930 quum
740 1834 791 1906 ita
808 1833 900 1922 rint,
928 1830 1014 1929 quid
1038 1829 1267 1905 stamendum
1287 1831 1336 1906 de
1358 1834 1486 1909 critica

417 1993 559 2068 ratione
585 2000 647 2066 aut
672 1989 878 2066 adhibenda
903 1998 965 2066 ant
990 1991 1241 2070 declinanda?

494 2150 675 2251 Equidem
718 2174 797 2226 eam
844 2173 919 2227 rem
950 2160 1032 2227 'don
1070 2150 1265 2227 uoluntatis
1307 2152 1376 2227 sed
1416 2175 1484 2227 ne·

418 2311 603 2388 cessitatis
630 2332 717 2385 esse
743 2310 908 2386 arbitror.
960 2310 1056 2385 Nam
1082 2314 1142 2412 qui
1169 2311 1249 2386 lieri
1275 2319 1418 2413 potest,
1448 2322 1487 2386 ut

417 2471 598 2569 integrum
625 2471 764 2545 ueteris
798 2469 953 2547 alicuius
992 2473 1183 2573 scriptoris
1222 2470 1349 2546 librum
1389 2474 1486 2548 scite

417 2631 694 2730 interpreteris,
721 2630 792 2703 nisi
818 2631 917 2706 scias
944 2629 1032 2731 quid
1057 2630 1278 2734 scripserit?
1304 2629 1365 2706 uel
1392 2655 1484 2708 con·

416 2797 490 2863 trax
525 2789 561 2862 in
583 2812 718 2862 summa
736 2785 914 2866 Codicum
932 2788 1170 2883 diuersitate,
1197 2813 1290 2891 quae
1307 2790 1484 2890 frequen·

417 2949 556 3022 tissime
581 2945 732 3040 incidit,
776 2949 836 3047 qui
860 2947 948 3024 sciri
982 2947 1142 3045 poterit,
1182 2946 1267 3044 quid
1294 2949 1486 3047 scripserit

417 3113 569 3197 auctor,
608 3107 680 3179 nisi
715 3107 896 3183 exactiori
922 3104 1073 3206 quadam
1100 3127 1219 3179 rerum
1245 3107 1482 3206 cognitione,

417 3263 505 3364 quid
540 3265 705 3342 scribere
737 3268 896 3366 poluerit
927 3274 989 3340 aut
1022 3288 1094 3340 non
1127 3267 1306 3367 potuerit,
1347 3265 1482 3364 quidue

417 3425 614 3526 scripsisse
650 3447 730 3499 eum
763 3426 918 3499 maxime
954 3428 1002 3499 sit
1038 3424 1253 3526 probabile,
1289 3425 1481 3502 discerna-

416 3593 476 3658 tur
498 3566 608 3658 antea
636 3608 680 3660 ac
706 3583 958 3662 diiudicetur?

492 3741 626 3842 Neque
657 3766 713 3818 me
741 3743 858 3843 sugit,
887 3746 1074 3844 egregiam
1104 3742 1234 3818 multos
1266 3743 1481 3844 castigando

417 3900 479 3976 nel
514 3901 635 3975 harum
676 3905 875 3977 orationum
915 3907 1102 3979 contextui
1141 3926 1287 4004 operam
1326 3926 1481 3977 nauasse

416 4082 487 4135 nec
505 4068 624 4134 tamen
646 4083 730 4152 res,
758 4061 807 4136 de
831 4061 959 4161 quibus
989 4065 1131 4162 agitur,
1159 4067 1371 4165 praesertim
1392 4066 1481 4136 iuris
