3114 5046
204 345 242 422 s.
264 333 305 407 6.
354 328 538 430 Defensio
562 327 655 405 Nou
679 329 798 405 dsisoo‘
821 331 890 406 ssd
914 331 1051 407 mooe.
1088 331 1150 397 8⁸¹

87 528 234 616 mdum,
249 542 321 597 mes
335 527 465 616 quidem
476 532 663 615 sententis,
674 530 837 619 urguendi
848 550 968 621 genus.
993 530 1151 597 Nostrum
1169 534 1321 644 :ma

86 655 197 719 sutem
220 653 304 734 erit,
336 654 512 735 oppositus
543 652 620 717 iiius
641 669 832 717 caussarum
862 653 1152 737 exemplorumque
1170 650 1250 702 μ’*

86 772 214 863 ogmss
227 776 345 840 iterum
359 775 423 841 sui)
439 774 555 841 oeulos
568 790 711 858 ponere,
732 776 766 838 et
781 774 836 859 qui
853 774 899 838 its
915 773 1039 839 tuerint
1053 774 1155 838 srmis

87 895 263 984 prohibiti,
297 897 412 979 alteri,
442 895 474 960 ir.
496 915 524 960 e.
552 899 762 984 possessori,
792 913 888 975 ouum
917 913 1014 979 uere,
1036 895 1153 982 elteri,

86 1016 118 1083 ir.
129 1036 160 1083 ο.
173 1018 336 1085 mumius
350 1017 415 1107 titi,
427 1035 523 1102 quum
540 1017 627 1082 isiso
643 1014 855 1085 interdictum
872 1016 1048 1099 tribuetur,
1062 1015 1153 1102 spud

84 1141 231 1205 suimum
259 1140 453 1224 reuoluere3
489 1137 610 1204 deinde
639 1140 728 1205 iilum
748 1140 843 1223 qussi
866 1155 1034 1223 eampum,
1065 1139 1155 1204 inter

83 1260 150 1328 loss
170 1262 244 1325 ueri
267 1260 411 1346 falsique
433 1263 664 1325 extremitates
686 1261 719 1324 iu
743 1258 850 1324 medio
877 1262 996 1345 situm,
1028 1278 1154 1324 summo

79 1400 161 1448 oum
183 1380 295 1446 studio
325 1385 360 1446 et
389 1398 493 1467 opero
522 1380 682 1465 dimetiri,
718 1380 801 1446 fines
822 1399 961 1468 regere,
996 1383 1156 1447 terminos

74 1520 234 1589 ponere,
260 1505 312 1587 et,
341 1501 591 1589 otiosorum,
620 1502 815 1591 regionibus
843 1499 985 1566 diuisum
1013 1519 1155 1588 repros-

70 1628 241 1691 seutsre:
271 1627 440 1709 postremo
462 1622 596 1689 tandem
620 1620 796 1690 Gooctooe
817 1640 990 1707 corissum,
1023 1626 1100 1690 utro
1121 1626 1155 1688 in

72 1749 188 1832 purte
209 1745 414 1832 inuenietur,
437 1746 627 1812 obseruare.

152 1940 204 2005 At
225 1940 310 2006 euim
331 1937 397 2007 hoo
418 1940 494 2007 ioco
518 1938 691 2008 Souiutus
714 1940 810 2006 uobis
837 1944 974 2026 praesto
1002 1942 1071 2027 est,
1101 1940 1156 2025 qui
1174 1941 1325 2041 wi·

71 2064 244 2146 moueat,
276 2063 338 2128 ium
367 2065 468 2127 untes
493 2062 620 2127 frustm
649 2080 713 2126 nos
733 2064 768 2126 iu
791 2061 854 2129 hue
876 2080 997 2129 ouussu
1019 2061 1155 2146 quoesi-

70 2186 199 2270 uisse,
223 2185 412 2250 necessaris
433 2202 540 2250 neone
562 2184 684 2249 fuisset
705 2182 747 2248 ud
769 2182 968 2251 ulueeudum
984 2183 1156 2267 possessio

77 2302 287 2389 Carduae,
322 2305 445 2399 quippe
476 2307 530 2390 qui
560 2306 697 2371 uincere
729 2304 909 2372 interdicto
936 2305 1028 2369 nullo
1059 2301 1183 2371 modo.

76 2427 256 2513 potuerit,
290 2429 469 2513 propterea
499 2424 589 2511 quod
616 2445 684 2491 non
706 2406 812 2490 solum
835 2445 902 2491 non
923 2427 1155 2514 possedisset,

82 2546 147 2615 sed
173 2565 219 2612 ne
239 2546 456 2615 staturatiier
477 2546 624 2632 quidem,
645 2546 687 2613 sd
712 2548 819 2613 instar
840 2546 953 2613 oolout
967 2550 1002 2612 et
1018 2566 1049 2632 q.
1064 2567 1099 2637 g.
1113 2565 1158 2630 u,

87 2662 309 2742 tomum').

95 3016 183 3069 uitem
200 3015 261 3067 iooo
279 3014 349 3067 illum
372 3018 447 3081 qussi
466 3014 596 3065 occuitum
653 3028 705 3066 nou
719 3017 746 3065 iu
759 3012 803 3065 ilio
816 3012 872 3064 solo
890 3019 1079 3065 commoratum
1097 3027 1156 3068 esso

95 3105 283 3170 mutantem
302 3104 404 3155 Tettius
419 3106 522 3156 euitare
542 3116 596 3155 nou
652 3104 788 3164 Puouou,
817 3102 888 3166 ouoo
913 3109 1040 3167 uogsrot,
1068 3105 1157 3156 cossi·

97 3202 194 3256 posset.
203 3218 238 3230 -
248 3192 326 3245 Adde
338 3206 407 3259 quse
418 3196 446 3244 iu
458 3206 481 3243 ο.
494 3191 537 3243 1¹1.
550 3193 596 3244 ho·
652 3206 730 3247 nom,
751 3204 837 3255 quum
851 3193 906 3241 uim
924 3198 1077 3253 poteretur.
1097 3193 1157 3244 tuu-

96 3281 319 3334 bouturhseeoe:
340 3282 419 3332 «ism
431 3285 487 3332 uim
500 3281 596 3333 tostum
652 3280 718 3330 dum
740 3292 851 3342 corpore
870 3294 918 3332 suo
942 3284 1077 3343 tenuisse,
1108 3294 1157 3332 uo-

99 3384 215 3437 «oegsrs
244 3383 299 3423 uon
338 3376 435 3433 potes:
474 3370 596 3422 deiectus
653 3382 712 3419 rum
730 3371 810 3421 etism
829 3383 862 3418 so
878 3382 908 3420 oo
924 3373 1060 3435 arguisse,
1086 3369 1158 3433 puori

99 3458 345 3525 quemadmodum
363 3462 397 3510 sit
415 3462 464 3521 qui
482 3474 536 3510 oon
554 3473 596 3511 ιο·
652 3471 787 3521 nusquam
794 3462 1015 3509 oursotouuissst.
1026 3458 1158 3510 -Csots-

99 3552 246 3610 «temoni,
275 3549 302 3600 id
322 3552 481 3614 quaesitum
506 3550 598 3601 demo·
653 3559 713 3597 rum
724 3560 794 3611 quse
805 3550 889 3610 prims
899 3547 1027 3611 suscripsi
1038 3544 1157 3612 (pm)

102 3642 176 3691 «ueri
197 3641 270 3690 onim
298 3645 325 3691 et
350 3638 450 3702 depelli
465 3631 510 3688 'de
539 3634 597 3687 looo
656 3635 736 3685 Tuitit
751 3634 834 3686 uerbo
854 3634 1002 3687 «Nondum
1092 3649 1157 3699 qus·

103 3736 230 3779 «recusso
255 3732 296 3778 ssi
315 3738 394 3786 oum,
422 3728 469 3790 oui
490 3726 598 3776 deiicis·
655 3737 759 3782 «ror»,
779 3724 812 3773 od
829 3723 921 3774 orsudi
938 3725 1090 3775 inmotum
1102 3737 1158 3775 ms-

104 3822 176 3874 ‹tun
201 3815 231 3865 io
251 3821 341 3867 sotum
361 3815 481 3866 recidere
503 3818 528 3866 ei
552 3818 597 3879 qui
654 3814 693 3875 gis
716 3812 848 3874 quomod
871 3813 1006 3864 interdicti
1027 3818 1156 3867 rououom

107 3911 227 3967 tpotest‚
248 3907 294 3969 qui
303 3907 417 3955 omuino
437 3905 464 3954 in
484 3916 516 3955 eo
528 3904 597 3964 iooo,
655 3911 800 3952 esussueue
813 3904 853 3951 ius
863 3904 1040 3964 pertinentis,
1054 3917 1085 3956 οο
1096 3916 1158 3954 sou·

108 3993 191 4046 «uode
221 4006 251 4045 so
276 3993 410 4046 deiectum
432 4006 490 4044 esso
513 3994 596 4053 dicit,
654 3988 725 4039 sulio
752 3989 794 4038 hio
825 3993 1003 4051 praetermisi.
1052 3991 1158 4043 Trooto·

110 4091 263 4148 smmum
278 4082 373 4146 ruiti»
387 4107 418 4118 -
438 4082 514 4132 Unde
527 4081 598 4132 houd
655 4079 755 4128 buntur
766 4076 835 4127 iutro
846 4075 873 4141 §-
887 4079 915 4128 7.
930 4080 980 4130 sub
993 4080 1052 4131 ioco
1064 4082 1156 4132 tertio.

112 4169 196 4223 temere
235 4170 358 4235 colligere
391 4172 455 4221 mibi
486 4170 598 4230 uideor,
689 4162 717 4225 7)
735 4165 803 4216 Vide
813 4179 894 4229 supro
905 4180 932 4230 p.
946 4166 1010 4219 888.
1024 4175 1080 4219 not.
1094 4165 1138 4217 ³1.
