3114 5046
418 373 481 438 240
600 368 694 472 Cap.
723 370 783 447 11.
835 368 897 446 De
922 373 1114 447 uarietate
1138 371 1308 447 actionis

251 523 398 638 :i'i'ffi
544 580 587 628 ex
609 552 744 639 edicio]
765 562 903 628 edicta:
925 556 1045 635 Pk.⁹⁹).

544 673 732 770 possideri]
752 685 950 770 possidere:
980 682 1050 767 Pb,
1072 700 1109 770 c,
1131 681 1168 770 d,
1189 699 1224 767 a,
1245 681 1275 769 i,
1296 701 1337 771 g,
1358 679 1399 769 h,
1421 680 1449 767 i,
1465 681 1487 744 Ι.

543 795 672 887 recita]
694 810 846 871 tractat:
870 801 1005 871 Omnes.

396 970 402 982 ·
508 919 511 923 ’
544 916 707 1007 latitarit]
737 923 990 1008 θιιιΙΙΙιιιιΙΡιι,
1026 927 1064 1009 b,
1091 943 1130 1012 c,
1154 924 1193 1010 d,
1216 943 1254 1008 e,
1280 922 1486 1012 f,g,k,1,

588 1068 631 1112 ιιι.
654 1086 693 1097 -
730 1048 770 1114 in
792 1048 839 1113 ΡΙ
858 1047 900 1112 ad
923 1049 1120 1136 marginem:
1144 1047 1211 1112 «al.
1233 1046 1420 1112 latitant)
1445 1082 1486 1092 ·-

589 1169 730 1235 latitat:
754 1172 795 1237 B.
816 1168 884 1253 Ph,
906 1171 934 1255 i,
957 1188 989 1234 n.

547 1291 663 1357 nisisi
685 1281 842 1372 latitant]
871 1295 941 1358 nisi
962 1292 1130 1356 lutitant:
1153 1288 1212 1355 Pa.
1225 1326 1267 1341 -
1288 1290 1353 1354 nisi
1377 1289 1405 1353 si
1429 1289 1484 1353 Ια-

588 1418 727 1478 titarit:
749 1411 820 1497 Pa,
841 1411 881 1498 k,
902 1413 924 1478 Ι.
945 1450 988 1461 -
1014 1416 1084 1478 nisi
1105 1411 1279 1476 lutitant:
1302 1408 1375 1474 Pm.

544 1524 686 1614 relicto]
707 1553 778 1599 ιιοιι
797 1534 932 1600 relicto:
954 1532 1016 1598 Pa.

545 1645 823 1740 proficiscuntur]
844 1652 1024 1741 profectu:
1044 1660 1116 1720 eat:
1138 1653 1200 1719 Plu

547 1767 710 1858 uerterit]
747 1776 833 1842 Posi
867 1774 949 1841 iliud
982 1775 1119 1841 uarium
1150 1792 1312 1861 nusquam
1349 1774 1481 1840 inuenio

586 1901 727 1966 lacunae
749 1891 998 1983 uestigium¹⁰⁰i.

544 2009 738 2100 existimas]
761 2023 950 2085 aestimas:
973 2017 1024 2084 Pl.

545 2145 613 2205 tum
635 2129 756 2225 quum]
779 2145 819 2205 tu
840 2159 935 2205 cum:
959 2138 1022 2226 Pi,
1043 2159 1083 2204 m.

545 2264 581 2327 te
602 2251 870 2346 postulaturum]
896 2260 1173 2348 postulaturum:
1210 2260 1278 2349 Ph,
1300 2259 1334 2325 Ιι.
1365 2300 1405 2311 -
1446 2265 1485 2326 ut

587 2384 846 2468 postulaturum:
868 2383 919 2448 Pi.

546 2521 655 2591 neque
677 2495 893 2590 quamquam]
919 2523 983 2571 ιιεο
1004 2521 1214 2591 quemquam:
1235 2503 1287 2569 ΡΙ
1311 2543 1355 2554 -
1376 2523 1421 2570 ae
1440 2503 1485 2569 ad

587 2646 795 2714 quemquam:
817 2626 881 2692 Pk.

545 2750 641 2815 attin.
660 2748 694 2813 id
715 2738 897 2830 recusare]
923 2751 1019 2813 attin.
1039 2731 1232 2815 rummare:
1247 2747 1311 2814 Pk.
1325 2786 1369 2799 -
1390 2750 1483 2814 attia

585 2890 749 2938 reamare
769 2871 826 2936 id:
848 2869 918 2935 Pm-

545 3013 613 3058 non
640 2993 710 3059 fieri
738 2992 799 3058 sed
827 3011 871 3058 ex
898 2991 1008 3058 edicio
1034 3012 1095 3058 suo
1124 2992 1195 3058 fieri
1226 2981 1388 3070 iubebat]
1428 2986 1484 3058 Sic

587 3120 731 3201 excepto
754 3113 806 3180 Pk
836 3133 965 3196 omneS,
1002 3113 1099 3178 modo
1122 3133 1169 3179 em
1190 3112 1287 3179 deest
1315 3114 1351 3177 in
1376 3109 1485 3178 Pari-

589 3237 760 3304 aiensiim:
781 3237 951 3325 omnibus,
972 3237 1086 3302 nescio
1102 3254 1145 3300 an
1159 3236 1194 3300 iu
1209 3233 1386 3301 Remenai
1402 3253 1484 3321 quo-

589 3376 674 3443 que,
695 3355 791 3422 deest
813 3359 910 3423 etiam
926 3377 989 3424 auu
1008 3359 1041 3422 in
1059 3357 1124 3445 Pg·
1140 3394 1183 3407 -
1216 3356 1259 3421 In
1279 3353 1336 3420 Pk
1357 3356 1484 3419 iliorum

455 3679 502 3740 90)
520 3678 696 3730 Obseruantia
717 3678 787 3729 haaa
805 3679 923 3730 uariata:
979 3685 1069 3743 gutum
1080 3679 1199 3730 retinere
1209 3675 1380 3745 (admodum
1392 3692 1483 3730 uorum

420 3769 640 3833 propiareudam
654 3769 755 3830 uerba,
775 3768 924 3831 quaaiuia-
979 3784 1047 3834 quos
1071 3769 1091 3820 Ι.
1113 3769 1132 3818 Ι.
1157 3783 1185 3832 p.
1210 3767 1255 3818 64.
1278 3766 1391 3833 uituli),
1422 3767 1485 3819 Bur

420 3858 477 3908 uiua
491 3858 518 3907 in
537 3858 565 3908 h.
585 3855 613 3920 5.
633 3857 677 3908 60.
697 3862 851 3907 recurrunt.
978 3859 1098 3922 mulium
1116 3862 1218 3917 autam,
1238 3856 1267 3906 iu
1286 3856 1339 3906 Ed·
1364 3856 1492 3914 Latiare,

456 3942 516 4011 100)
539 3947 605 3996 vida
631 3959 701 4010 quae
728 3947 761 3995 da
784 3946 836 3996 hoc
861 3945 922 3996 ioco
979 3946 1199 4010 supplementum
1217 3943 1361 4006 Lambini,
1381 3941 1493 3996 umami

419 4046 503 4098 supra
522 4035 697 4085 tractauimus
717 4035 746 4084 iu
764 4033 829 4098 Cap.
850 4034 872 4083 Ι.
892 4030 921 4095 §-
980 4035 1008 4085 iu
1027 4035 1327 4096 manumittatur,
1362 4048 1518 4087 uacuau‘

421 4121 448 4173 2.
477 4136 503 4186 p.
529 4123 574 4172 45.
598 4138 624 4186 p.
650 4123 693 4172 61.
721 4137 798 4187 seqq.
829 4148 858 4158 -
892 4121 922 4171 ld
978 4124 1051 4175 rium
1070 4130 1161 4175 iumen
1179 4122 1316 4173 iudicare.

423 4224 508 4263 uuum
527 4211 615 4273 addo,
642 4210 843 4262 intimandum
860 4209 924 4259 Vui-
