3114 5046
153 357 191 432 s.
217 345 265 414 ὄρ
312 340 492 444 Defensio
516 340 605 416 Non
632 343 839 417 deiecisse
863 345 998 418 obstiti.
1052 344 1114 407 387

48 641 145 733 alieul
185 684 326 732 caussae
351 666 599 760 consulentes,
635 667 669 729 ln
703 664 775 730 dics
803 667 910 757 magis
939 665 1115 733 studerent

48 788 179 866 modum
200 787 371 871 imponere
393 788 439 851 llll
463 754 641 881 interdicto
663 805 705 852 uc
727 791 840 853 certos
856 787 1014 873 quosdam
1033 789 1116 854 ines

48 908 330 995 circumducere,
346 909 518 993 aliquanto
551 874 681 993 quidem
714 910 826 974 uerbis
859 910 1020 975 formulae
1051 929 1116 975 sn-

48 1033 239 1119 pscium,
260 1034 296 1094 at
317 1031 399 1094 iuris
420 1028 549 1094 solidae
564 1032 706 1111 rationi,
728 1032 909 1115 aequitatis
925 1033 1117 1116 praeceptis

49 1154 279 1238 communique
299 1152 436 1216 utilitati
457 1153 625 1236 aptiores:
650 1133 787 1216 'tuntum
815 1152 939 1238 abluit,
968 1157 1005 1217 ut
1026 1170 1117 1217 meru

49 1275 215 1342 calumnia
233 1271 477 1357 uerborumque
498 1275 660 1361 aucupto,
683 1278 895 1360 repugnante
917 1275 949 1338 ul
971 1291 1012 1340 uc
1034 1292 1117 1339 sen·
1226 1264 1229 1272 ’

51 1398 155 1463 tentia
178 1395 261 1460 luris
283 1401 318 1461 et
335 1392 524 1494 interdicti,
546 1391 631 1460 Piso
647 1413 798 1460 caussam
813 1394 1029 1475 defenderet,
1052 1399 1118 1481 qui,

53 1516 291 1602 praeeuntibus
312 1515 458 1581 fortasse
480 1516 642 1604 grauibus
662 1518 875 1601 auctoribus,
896 1524 1039 1604 negaret
1062 1521 1117 1582 ln·
1191 1525 1193 1528 ‘

55 1616 231 1707 terdictum
252 1644 386 1719 tenere,
408 1639 470 1703 nisi
492 1641 606 1723 actor,
628 1657 725 1722 tpuum
748 1639 799 1702 uis
823 1632 931 1722 tieret,
953 1646 1011 1703 aut
1035 1659 1117 1724 pos-

57 1762 197 1827 sedisset
225 1763 284 1826 aut
312 1778 454 1845 corpore
484 1780 547 1825 suo
575 1763 607 1831 in
643 1759 744 1823 tundo
773 1759 955 1825 aedibusue
987 1760 1117 1824 luisset.
1165 1838 1166 1844 η

60 1885 171 1969 Immo,
206 1887 243 1946 ut
266 1899 379 1947 uerum
402 1882 529 1964 iutear,
561 1883 610 1946 sic
633 1882 803 1967 existimo,
829 1870 1030 1950 Ciceronem
1055 1900 1119 1964 po-

62 2005 118 2072 tius
138 2025 164 2070 ιι
186 2003 304 2070 uerbis
325 1986 495 2069 interdicti
516 2006 689 2092 arguisse,
710 2001 876 2070 Pisonem
897 2022 979 2069 uero
1001 2005 1120 2088 acqui-

65 2130 133 2192 tttls
147 2128 350 2213 praecepta,
371 2126 592 2191 sublimiorem
615 2096 886 2222 subtilioremque
909 2128 990 2190 iuris
1011 2130 1119 2192 ratio·

68 2265 126 2313 nem
147 2246 387 2334 atque'ntllem
409 2252 443 2312 ct
465 2249 499 2311 ln
521 2264 692 2314 commune
715 2247 918 2314 commodum
951 2247 1119 2314 interdicti
1193 2281 1195 2285 <

71 2368 259 2440 intellectum
281 2372 406 2435 auxillo
429 2381 580 2436 uocasse.
603 2361 614 2427 ζ
900 2441 903 2448 ,

117 2492 207 2576 Quld
229 2484 361 2558 nutet
394 2467 442 2557 ita
470 2490 604 2557 uidetur
625 2490 679 2556 hic
702 2490 831 2554 modum
854 2491 1034 2568 interdicto
1057 2495 1120 2555 irn-

75 2618 227 2702 posulsse,
262 2617 300 2678 ut
330 2611 482 2678 modeste
509 2630 549 2678 ac
584 2610 759 2697 pudenter
783 2628 854 2675 eam
885 2613 971 2675 uiam
1005 2614 1119 2693 iniret,

74 2754 150 2819 quam
182 2737 345 2820 deinceps
377 2733 610 2801 Iurisconsulti
644 2734 677 2796 in
707 2731 780 2798 dies
808 2735 915 2819 magis
948 2737 1122 2799 sectantes

73 2855 165 2944 breui,
207 2863 309 2944 puto,
348 2876 388 2922 eo
419 2827 662 2950 peruenerunt,
699 2855 752 2918 ubi
794 2861 945 2936 nostros,
983 2874 1120 2939 quorum

72 2978 245 3072 fragmenta
269 2981 302 3043 in
325 2975 479 3066 Diuestts
502 2976 678 3058 habentus,
712 2978 773 3039 ium
804 2961 913 3041 ualido
936 2979 1121 3043 consistere

68 3102 366 3184 animaduertimus,
399 3099 554 3164 uidelicet
584 3103 620 3162 ut
650 3099 878 3185 intelligerent
910 3103 1122 3182 statuerent-

67 3243 134 3308 (ιιι,
157 3227 246 3289 iusto
268 3219 422 3307 sequane
442 3222 572 3284 rstione
595 3221 682 3283 illius
705 3220 872 3286 interdicti
897 3222 948 3285 ius
971 3220 1121 3304 expediri

66 3365 122 3412 non
143 3363 267 3433 posse,
289 3344 351 3408 nisi
375 3345 437 3428 ils,
471 3344 525 3427 qui
554 3359 633 3405 uere
663 3341 910 3425 possedissent,
938 3347 1042 3406 totum
1064 3362 1123 3409 re-

63 3472 268 3567 cuderetur,
303 3464 346 3532 ad
369 3481 508 3547 eumque
535 3481 603 3527 rem
625 3464 777 3526 seuerius
799 3461 862 3528 hoc
884 3463 927 3527 de
948 3462 1122 3551 111101111-

64 3589 156 3657 ιι11ιι3
179 3591 324 3655 coactis
335 3590 530 3652 armotooe
550 3572 652 3668 factu
682 3583 894 3650 interdictum
918 3589 1052 3684 uetusto
1076 3588 1122 3651 illi

65 3729 100 3777 ac
119 3710 315 3797 quotidiano
338 3707 379 3773 de
403 3710 435 3770 ui
459 3703 637 3770 interdicto
661 3708 794 3788 penitus
817 3681 1061 3821 exaequaretur
1076 3702 1121 3784 ¹¹).

96 3932 136 3998 lt)
155 3927 560 3994 intermiscentes·
618 3932 785 3984 monentem,
822 3927 872 3976 hoc
900 3930 987 3989 ipsum
1014 3931 1122 3992 Ulpiani

68 4018 118 4072 lloc
134 4024 191 4073 loco
207 4019 373 4071 Garatontut
392 4016 435 4081 (sd
449 4007 560 4077 c.'1³.),
618 4021 737 4076 tempore
756 4016 813 4066 sine
827 4005 1008 4070 controuersia
1027 4019 1119 4077 tutsse,

67 4115 181 4170 quamuis
194 4112 294 4162 ulmlus
308 4108 371 4159 ullus
387 4109 414 4157 ln
427 4108 476 4157 lise
488 4118 562 4155 esus·
618 4110 647 4154 ut
667 4104 789 4153 dominus
812 4106 920 4166 qutdem
939 4103 1121 4170 (postumam

69 4209 94 4247 se
119 4201 193 4251 Tullii
217 4203 350 4255 sectetur,
384 4195 562 4246 Hotomanum
619 4190 723 4256 dlrerlt)
742 4199 768 4243 st
787 4193 853 4245 ullus
871 4191 1014 4246 nemetum
1032 4196 1121 4259 proti·
1160 4228 1162 4233 >
