<?xml version="1.0" encoding="UTF-8"?>
<!DOCTYPE html PUBLIC "-//W3C//DTD XHTML 1.0 Transitional//EN"
    "http://www.w3.org/TR/xhtml1/DTD/xhtml1-transitional.dtd">
<html xmlns="http://www.w3.org/1999/xhtml" xml:lang="en" lang="en">
 <head>
  <title>
</title>
<meta http-equiv="Content-Type" content="text/html;charset=utf-8" />
  <meta name='ocr-system' content='tesseract 3.04.00' />
  <meta name='ocr-capabilities' content='ocr_page ocr_carea ocr_par ocr_line ocrx_word'/>
</head>
<body>
  <div class='ocr_page' id='page_1' title='image "./semestriumadmtu00kellgoog_0199.png"; bbox 0 0 3114 5046; ppageno 0'>
   <div class='ocr_carea' id='block_1_1' title="bbox 92 346 1113 453">
    <p class='ocr_par' dir='ltr' id='par_1_1' title="bbox 92 346 1113 453">
     <span class='ocr_line' id='line_1_1' title="bbox 92 346 1113 453; baseline -0.023 -15"><span class='ocrx_word' id='word_1_1' title='bbox 92 362 127 438; x_wconf 78' lang='lat' dir='ltr'>S·</span> <span class='ocrx_word' id='word_1_2' title='bbox 146 352 185 422; x_wconf 84' lang='lat'>9·</span> <span class='ocrx_word' id='word_1_3' title='bbox 220 346 404 449; x_wconf 76' lang='lat' dir='ltr'>Defensio</span> <span class='ocrx_word' id='word_1_4' title='bbox 429 354 470 423; x_wconf 80' lang='lat' dir='ltr'>ia</span> <span class='ocrx_word' id='word_1_5' title='bbox 494 361 627 451; x_wconf 83' lang='lat' dir='ltr'>portes</span> <span class='ocrx_word' id='word_1_6' title='bbox 653 355 826 452; x_wconf 73' lang='lat' dir='ltr'>locosque</span> <span class='ocrx_word' id='word_1_7' title='bbox 852 352 1012 453; x_wconf 77' lang='lat' dir='ltr'>dipesto.</span> <span class='ocrx_word' id='word_1_8' title='bbox 1054 354 1113 416; x_wconf 84' lang='grc'>173</span> 
     </span>
    </p>
   </div>
   <div class='ocr_carea' id='block_1_2' title="bbox 50 538 1224 725">
    <p class='ocr_par' dir='ltr' id='par_1_2' title="bbox 50 538 1224 725">
     <span class='ocr_line' id='line_1_2' title="bbox 50 538 1224 629; baseline 0.001 -25"><span class='ocrx_word' id='word_1_9' title='bbox 50 538 206 620; x_wconf 79' lang='lat' dir='ltr'>Qrctrrettl</span> <span class='ocrx_word' id='word_1_10' title='bbox 228 545 387 629; x_wconf 82' lang='lat' dir='ltr'>negetur,</span> <span class='ocrx_word' id='word_1_11' title='bbox 417 542 505 606; x_wconf 88' lang='lat' dir='ltr'>bona</span> <span class='ocrx_word' id='word_1_12' title='bbox 528 539 674 622; x_wconf 79' lang='lat' dir='ltr'>Quinctii</span> <span class='ocrx_word' id='word_1_13' title='bbox 696 560 716 606; x_wconf 91' lang='lat' dir='ltr'>a</span> <span class='ocrx_word' id='word_1_14' title='bbox 738 541 866 607; x_wconf 86' lang='lat' dir='ltr'>Naeuio</span> <span class='ocrx_word' id='word_1_15' title='bbox 883 542 1046 627; x_wconf 86' lang='lat' dir='ltr'>possideri</span> <span class='ocrx_word' id='word_1_16' title='bbox 1063 545 1115 608; x_wconf 90' lang='lat' dir='ltr'>ius</span> <span class='ocrx_word' id='word_1_17' title='bbox 1133 553 1224 592; x_wconf 65' lang='lat' dir='ltr'>rma..</span> 
     </span>
     <span class='ocr_line' id='line_1_3' title="bbox 53 661 167 725; baseline 0 0"><span class='ocrx_word' id='word_1_18' title='bbox 53 661 167 725; x_wconf 86' lang='lat' dir='ltr'>luisse.</span> 
     </span>
    </p>
   </div>
   <div class='ocr_carea' id='block_1_3' title="bbox 50 819 1116 1997">
    <p class='ocr_par' dir='ltr' id='par_1_3' title="bbox 50 819 1116 1997">
     <span class='ocr_line' id='line_1_4' title="bbox 109 819 1114 905; baseline 0.004 -22"><span class='ocrx_word' id='word_1_19' title='bbox 109 819 227 904; x_wconf 78' lang='lat' dir='ltr'>Atque</span> <span class='ocrx_word' id='word_1_20' title='bbox 248 825 320 885; x_wconf 88' lang='lat' dir='ltr'>tres</span> <span class='ocrx_word' id='word_1_21' title='bbox 340 821 418 885; x_wconf 89' lang='lat' dir='ltr'>iliae</span> <span class='ocrx_word' id='word_1_22' title='bbox 441 825 556 905; x_wconf 88' lang='lat' dir='ltr'>partes</span> <span class='ocrx_word' id='word_1_23' title='bbox 578 840 617 886; x_wconf 87' lang='lat' dir='ltr'>ea</span> <span class='ocrx_word' id='word_1_24' title='bbox 648 823 778 886; x_wconf 89' lang='lat' dir='ltr'>ratione</span> <span class='ocrx_word' id='word_1_25' title='bbox 802 824 891 886; x_wconf 92' lang='lat' dir='ltr'>inter</span> <span class='ocrx_word' id='word_1_26' title='bbox 911 841 949 887; x_wconf 85' lang='lat' dir='ltr'>sa</span> <span class='ocrx_word' id='word_1_27' title='bbox 971 825 1114 887; x_wconf 86' lang='lat' dir='ltr'>coninn-</span> 
     </span>
     <span class='ocr_line' id='line_1_5' title="bbox 50 927 1113 1031; baseline 0.005 -28"><span class='ocrx_word' id='word_1_28' title='bbox 50 944 185 1029; x_wconf 79' lang='lat' dir='ltr'>guntur‚</span> <span class='ocrx_word' id='word_1_29' title='bbox 208 959 314 1026; x_wconf 91' lang='lat' dir='ltr'>eoque</span> <span class='ocrx_word' id='word_1_30' title='bbox 335 927 407 1006; x_wconf 88' lang='lat' dir='ltr'>inre</span> <span class='ocrx_word' id='word_1_31' title='bbox 428 944 582 1031; x_wconf 74' lang='lat' dir='ltr'><strong>singulae</strong></span> <span class='ocrx_word' id='word_1_32' title='bbox 597 946 766 1027; x_wconf 77' lang='lat' dir='ltr'>constant,</span> <span class='ocrx_word' id='word_1_33' title='bbox 788 946 824 1007; x_wconf 89' lang='lat' dir='ltr'>ut</span> <span class='ocrx_word' id='word_1_34' title='bbox 848 962 1043 1028; x_wconf 87' lang='lat' dir='ltr'>quacunque</span> <span class='ocrx_word' id='word_1_35' title='bbox 1060 945 1113 1009; x_wconf 89' lang='lat' dir='ltr'>uei</span> 
     </span>
     <span class='ocr_line' id='line_1_6' title="bbox 51 1060 1115 1147; baseline 0.003 -23"><span class='ocrx_word' id='word_1_36' title='bbox 51 1064 118 1126; x_wconf 89' lang='lat' dir='ltr'>sola</span> <span class='ocrx_word' id='word_1_37' title='bbox 142 1060 321 1143; x_wconf 80' lang='lat' dir='ltr'>Quinctius</span> <span class='ocrx_word' id='word_1_38' title='bbox 343 1065 474 1144; x_wconf 83' lang='lat' dir='ltr'>uicerit,</span> <span class='ocrx_word' id='word_1_39' title='bbox 501 1067 573 1128; x_wconf 89' lang='lat' dir='ltr'>tota</span> <span class='ocrx_word' id='word_1_40' title='bbox 595 1068 777 1147; x_wconf 75' lang='lat' dir='ltr'>sponsione</span> <span class='ocrx_word' id='word_1_41' title='bbox 800 1083 840 1131; x_wconf 91' lang='lat' dir='ltr'>ac</span> <span class='ocrx_word' id='word_1_42' title='bbox 862 1083 982 1130; x_wconf 85' lang='lat' dir='ltr'>caussa</span> <span class='ocrx_word' id='word_1_43' title='bbox 1000 1065 1115 1129; x_wconf 88' lang='lat' dir='ltr'>uincat</span> 
     </span>
     <span class='ocr_line' id='line_1_7' title="bbox 52 1182 1114 1270; baseline 0.002 -24"><span class='ocrx_word' id='word_1_44' title='bbox 52 1202 189 1249; x_wconf 83' lang='lat' dir='ltr'>necesse</span> <span class='ocrx_word' id='word_1_45' title='bbox 211 1186 267 1248; x_wconf 90' lang='lat' dir='ltr'>sit.</span> <span class='ocrx_word' id='word_1_46' title='bbox 310 1182 442 1270; x_wconf 77' lang='lat' dir='ltr'>Quippe</span> <span class='ocrx_word' id='word_1_47' title='bbox 463 1204 529 1249; x_wconf 93' lang='lat' dir='ltr'>non</span> <span class='ocrx_word' id='word_1_48' title='bbox 551 1188 665 1269; x_wconf 88' lang='lat' dir='ltr'>potest</span> <span class='ocrx_word' id='word_1_49' title='bbox 686 1186 835 1250; x_wconf 88' lang='lat' dir='ltr'>Naeuius</span> <span class='ocrx_word' id='word_1_50' title='bbox 857 1187 945 1250; x_wconf 90' lang='lat' dir='ltr'>bona</span> <span class='ocrx_word' id='word_1_51' title='bbox 968 1182 1114 1265; x_wconf 79' lang='lat' dir='ltr'>Quinctii</span> 
     </span>
     <span class='ocr_line' id='line_1_8' title="bbox 52 1304 1114 1391; baseline 0.002 -23"><span class='ocrx_word' id='word_1_52' title='bbox 52 1323 90 1368; x_wconf 86' lang='lat' dir='ltr'>cx</span> <span class='ocrx_word' id='word_1_53' title='bbox 112 1305 237 1371; x_wconf 80' lang='lat' dir='ltr'>Edicto</span> <span class='ocrx_word' id='word_1_54' title='bbox 260 1307 451 1390; x_wconf 83' lang='lat' dir='ltr'>possedisse</span> <span class='ocrx_word' id='word_1_55' title='bbox 474 1305 599 1391; x_wconf 84' lang='lat' dir='ltr'>uideri,</span> <span class='ocrx_word' id='word_1_56' title='bbox 622 1308 683 1371; x_wconf 91' lang='lat' dir='ltr'>nisi</span> <span class='ocrx_word' id='word_1_57' title='bbox 707 1309 771 1370; x_wconf 91' lang='lat' dir='ltr'>tria</span> <span class='ocrx_word' id='word_1_58' title='bbox 792 1304 877 1372; x_wconf 88' lang='lat' dir='ltr'>baec</span> <span class='ocrx_word' id='word_1_59' title='bbox 896 1313 1114 1372; x_wconf 90' lang='lat' dir='ltr'>concurrant:</span> 
     </span>
     <span class='ocr_line' id='line_1_9' title="bbox 53 1421 1114 1514; baseline 0.003 -24"><span class='ocrx_word' id='word_1_60' title='bbox 53 1429 187 1510; x_wconf 90' lang='lat' dir='ltr'>primum</span> <span class='ocrx_word' id='word_1_61' title='bbox 215 1431 253 1490; x_wconf 92' lang='lat' dir='ltr'>ut</span> <span class='ocrx_word' id='word_1_62' title='bbox 282 1427 429 1493; x_wconf 78' lang='lat' dir='ltr'>creditor</span> <span class='ocrx_word' id='word_1_63' title='bbox 450 1428 671 1494; x_wconf 83' lang='lat' dir='ltr'>creditorisuc</span> <span class='ocrx_word' id='word_1_64' title='bbox 692 1428 769 1493; x_wconf 89' lang='lat' dir='ltr'>ioco</span> <span class='ocrx_word' id='word_1_65' title='bbox 792 1421 939 1514; x_wconf 76' lang='lat' dir='ltr'>fuerit⁵),</span> <span class='ocrx_word' id='word_1_66' title='bbox 974 1430 1114 1493; x_wconf 83' lang='lat' dir='ltr'>alterum</span> 
     </span>
     <span class='ocr_line' id='line_1_10' title="bbox 54 1548 1116 1636; baseline 0.005 -26"><span class='ocrx_word' id='word_1_67' title='bbox 54 1550 85 1610; x_wconf 89' lang='lat' dir='ltr'>ut</span> <span class='ocrx_word' id='word_1_68' title='bbox 104 1552 253 1632; x_wconf 89' lang='lat' dir='ltr'>quatuor</span> <span class='ocrx_word' id='word_1_69' title='bbox 274 1550 401 1614; x_wconf 88' lang='lat' dir='ltr'>illarum</span> <span class='ocrx_word' id='word_1_70' title='bbox 424 1548 534 1615; x_wconf 77' lang='lat' dir='ltr'>Edisti</span> <span class='ocrx_word' id='word_1_71' title='bbox 557 1549 798 1633; x_wconf 79' lang='lat' dir='ltr'>clausularum,</span> <span class='ocrx_word' id='word_1_72' title='bbox 820 1550 862 1615; x_wconf 86' lang='lat' dir='ltr'>de</span> <span class='ocrx_word' id='word_1_73' title='bbox 880 1552 998 1634; x_wconf 89' lang='lat' dir='ltr'>quibus</span> <span class='ocrx_word' id='word_1_74' title='bbox 1013 1568 1116 1636; x_wconf 90' lang='lat' dir='ltr'>supra</span> 
     </span>
     <span class='ocr_line' id='line_1_11' title="bbox 55 1664 1116 1757; baseline 0.004 -26"><span class='ocrx_word' id='word_1_75' title='bbox 55 1664 335 1754; x_wconf 73' lang='lat' dir='ltr'>disputauimus⁶i,</span> <span class='ocrx_word' id='word_1_76' title='bbox 378 1690 474 1735; x_wconf 89' lang='lat' dir='ltr'>unam</span> <span class='ocrx_word' id='word_1_77' title='bbox 510 1672 653 1756; x_wconf 87' lang='lat' dir='ltr'>aliquam</span> <span class='ocrx_word' id='word_1_78' title='bbox 687 1668 864 1751; x_wconf 80' lang='lat' dir='ltr'>Quinctius</span> <span class='ocrx_word' id='word_1_79' title='bbox 901 1673 1116 1757; x_wconf 83' lang='lat' dir='ltr'>commiserit3</span> 
     </span>
     <span class='ocr_line' id='line_1_12' title="bbox 56 1791 1116 1877; baseline 0.003 -24"><span class='ocrx_word' id='word_1_80' title='bbox 56 1792 200 1874; x_wconf 84' lang='lat' dir='ltr'>tortium,</span> <span class='ocrx_word' id='word_1_81' title='bbox 238 1797 276 1856; x_wconf 91' lang='lat' dir='ltr'>nt</span> <span class='ocrx_word' id='word_1_82' title='bbox 298 1794 545 1876; x_wconf 89' lang='lat' dir='ltr'>possessionem</span> <span class='ocrx_word' id='word_1_83' title='bbox 568 1793 728 1857; x_wconf 91' lang='lat' dir='ltr'>bonorum</span> <span class='ocrx_word' id='word_1_84' title='bbox 752 1793 901 1858; x_wconf 90' lang='lat' dir='ltr'>Naeuius</span> <span class='ocrx_word' id='word_1_85' title='bbox 923 1791 1116 1877; x_wconf 78' lang='lat' dir='ltr'>adproben-</span> 
     </span>
     <span class='ocr_line' id='line_1_13' title="bbox 59 1906 991 1997; baseline 0.003 -24"><span class='ocrx_word' id='word_1_86' title='bbox 59 1909 134 1976; x_wconf 81' lang='lat' dir='ltr'>derit</span> <span class='ocrx_word' id='word_1_87' title='bbox 156 1916 260 1997; x_wconf 90' lang='lat' dir='ltr'>atque</span> <span class='ocrx_word' id='word_1_88' title='bbox 281 1931 344 1997; x_wconf 91' lang='lat' dir='ltr'>per</span> <span class='ocrx_word' id='word_1_89' title='bbox 364 1916 524 1978; x_wconf 88' lang='lat' dir='ltr'>statutum</span> <span class='ocrx_word' id='word_1_90' title='bbox 547 1917 679 1997; x_wconf 86' lang='lat' dir='ltr'>tempus</span> <span class='ocrx_word' id='word_1_91' title='bbox 701 1906 991 1990; x_wconf 68' lang='lat' dir='ltr'>continuaueritli.</span> 
     </span>
    </p>
   </div>
   <div class='ocr_carea' id='block_1_4' title="bbox 110 2070 827 2160">
    <p class='ocr_par' dir='ltr' id='par_1_4' title="bbox 110 2070 827 2160">
     <span class='ocr_line' id='line_1_14' title="bbox 110 2070 827 2160; baseline 0 -24"><span class='ocrx_word' id='word_1_92' title='bbox 110 2071 209 2137; x_wconf 85' lang='lat' dir='ltr'>Nunc</span> <span class='ocrx_word' id='word_1_93' title='bbox 232 2070 275 2136; x_wconf 89' lang='lat' dir='ltr'>ad</span> <span class='ocrx_word' id='word_1_94' title='bbox 298 2073 450 2160; x_wconf 85' lang='lat' dir='ltr'>singutas</span> <span class='ocrx_word' id='word_1_95' title='bbox 472 2076 588 2157; x_wconf 89' lang='lat' dir='ltr'>partes</span> <span class='ocrx_word' id='word_1_96' title='bbox 609 2078 827 2136; x_wconf 80' lang='lat' dir='ltr'>transeamus</span> 
     </span>
    </p>
   </div>
   <div class='ocr_carea' id='block_1_5' title="bbox 66 2227 1267 3026">
    <p class='ocr_par' dir='ltr' id='par_1_5' title="bbox 66 2227 1267 3026">
     <span class='ocr_line' id='line_1_15' title="bbox 112 2227 1267 2318; baseline 0 -24"><span class='ocrx_word' id='word_1_97' title='bbox 112 2229 224 2295; x_wconf 85' lang='lat' dir='ltr'>Prima</span> <span class='ocrx_word' id='word_1_98' title='bbox 253 2229 512 2297; x_wconf 81' lang='lat' dir='ltr'>confirmationis</span> <span class='ocrx_word' id='word_1_99' title='bbox 540 2250 621 2318; x_wconf 91' lang='lat' dir='ltr'>pars</span> <span class='ocrx_word' id='word_1_100' title='bbox 655 2233 772 2316; x_wconf 81' lang='lat' dir='ltr'>incipit</span> <span class='ocrx_word' id='word_1_101' title='bbox 803 2251 825 2295; x_wconf 88' lang='lat' dir='ltr'>a</span> <span class='ocrx_word' id='word_1_102' title='bbox 860 2232 973 2296; x_wconf 75' lang='lat' dir='ltr'>uerbIs</span> <span class='ocrx_word' id='word_1_103' title='bbox 1010 2227 1116 2297; x_wconf 81' lang='lat' dir='ltr'>«Non</span> <span class='ocrx_word' id='word_1_104' title='bbox 1134 2253 1267 2306; x_wconf 62' lang='lat' dir='ltr'>rma„</span> 
     </span>
     <span class='ocr_line' id='line_1_16' title="bbox 67 2347 1115 2439; baseline 0.001 -23"><span class='ocrx_word' id='word_1_105' title='bbox 67 2347 146 2432; x_wconf 65' lang='lat' dir='ltr'>doit</span> <span class='ocrx_word' id='word_1_106' title='bbox 174 2370 304 2417; x_wconf 71' lang='lat' dir='ltr'>cascesa</span> <span class='ocrx_word' id='word_1_107' title='bbox 332 2371 394 2417; x_wconf 85' lang='lat' dir='ltr'>cur</span> <span class='ocrx_word' id='word_1_108' title='bbox 425 2352 669 2438; x_wconf 83' lang='lat' dir='ltr'>postulares·‚</span> <span class='ocrx_word' id='word_1_109' title='bbox 704 2357 805 2439; x_wconf 88' lang='lat' dir='ltr'>atque</span> <span class='ocrx_word' id='word_1_110' title='bbox 837 2355 1005 2437; x_wconf 87' lang='lat' dir='ltr'>capitibus</span> <span class='ocrx_word' id='word_1_111' title='bbox 1038 2357 1115 2420; x_wconf 93' lang='lat' dir='ltr'>octo</span> 
     </span>
     <span class='ocr_line' id='line_1_17' title="bbox 66 2462 505 2554; baseline 0.002 -18"><span class='ocrx_word' id='word_1_112' title='bbox 66 2462 106 2551; x_wconf 82' lang='lat' dir='ltr'>(c.</span> <span class='ocrx_word' id='word_1_113' title='bbox 125 2464 286 2554; x_wconf 82' lang='lat' dir='ltr'>tt-18.)</span> <span class='ocrx_word' id='word_1_114' title='bbox 308 2474 505 2538; x_wconf 83' lang='lat' dir='ltr'>absolutior.</span> 
     </span>
     <span class='ocr_line' id='line_1_18' title="bbox 115 2593 704 2662; baseline 0.002 -3"><span class='ocrx_word' id='word_1_115' title='bbox 115 2593 247 2659; x_wconf 85' lang='lat' dir='ltr'>Rursus</span> <span class='ocrx_word' id='word_1_116' title='bbox 268 2597 340 2660; x_wconf 90' lang='lat' dir='ltr'>eins</span> <span class='ocrx_word' id='word_1_117' title='bbox 362 2594 428 2660; x_wconf 89' lang='lat' dir='ltr'>duo</span> <span class='ocrx_word' id='word_1_118' title='bbox 450 2601 529 2662; x_wconf 90' lang='lat' dir='ltr'>sunt</span> <span class='ocrx_word' id='word_1_119' title='bbox 550 2597 704 2662; x_wconf 88' lang='lat' dir='ltr'>membra.</span> 
     </span>
     <span class='ocr_line' id='line_1_19' title="bbox 146 2716 1115 2801; baseline 0 -19"><span class='ocrx_word' id='word_1_120' title='bbox 146 2716 314 2801; x_wconf 70' lang='lat' dir='ltr'>alteque</span> <span class='ocrx_word' id='word_1_121' title='bbox 351 2733 394 2782; x_wconf 86' lang='lat' dir='ltr'>ex</span> <span class='ocrx_word' id='word_1_122' title='bbox 437 2719 612 2784; x_wconf 88' lang='lat' dir='ltr'>societatis</span> <span class='ocrx_word' id='word_1_123' title='bbox 647 2720 779 2782; x_wconf 89' lang='lat' dir='ltr'>ratione</span> <span class='ocrx_word' id='word_1_124' title='bbox 814 2734 923 2801; x_wconf 95' lang='lat' dir='ltr'>neque</span> <span class='ocrx_word' id='word_1_125' title='bbox 961 2717 1115 2801; x_wconf 89' lang='lat' dir='ltr'>priuatim</span> 
     </span>
     <span class='ocr_line' id='line_1_20' title="bbox 197 2836 927 2925; baseline -0.001 -23"><span class='ocrx_word' id='word_1_126' title='bbox 197 2838 375 2925; x_wconf 83' lang='lat' dir='ltr'>quidquam</span> <span class='ocrx_word' id='word_1_127' title='bbox 395 2839 509 2904; x_wconf 87' lang='lat' dir='ltr'>debuit</span> <span class='ocrx_word' id='word_1_128' title='bbox 531 2837 719 2920; x_wconf 78' lang='lat' dir='ltr'>Quinctius</span> <span class='ocrx_word' id='word_1_129' title='bbox 741 2857 770 2905; x_wconf 90' lang='lat' dir='ltr'>c.</span> <span class='ocrx_word' id='word_1_130' title='bbox 794 2836 927 2902; x_wconf 79' lang='grc'><strong>11-14.</strong></span> 
     </span>
     <span class='ocr_line' id='line_1_21' title="bbox 132 2958 1058 3026; baseline -0.002 0"><span class='ocrx_word' id='word_1_131' title='bbox 132 2962 177 3026; x_wconf 93' lang='grc' dir='ltr'>1Ι.</span> <span class='ocrx_word' id='word_1_132' title='bbox 199 2959 429 3026; x_wconf 86' lang='lat' dir='ltr'>Vadimonium</span> <span class='ocrx_word' id='word_1_133' title='bbox 450 2960 579 3026; x_wconf 85' lang='lat' dir='ltr'>Naeuio</span> <span class='ocrx_word' id='word_1_134' title='bbox 602 2981 669 3026; x_wconf 90' lang='lat' dir='ltr'>non</span> <span class='ocrx_word' id='word_1_135' title='bbox 693 2960 850 3026; x_wconf 90' lang='lat' dir='ltr'>descruit.</span> <span class='ocrx_word' id='word_1_136' title='bbox 872 2978 900 3026; x_wconf 90' lang='lat' dir='ltr'>c.</span> <span class='ocrx_word' id='word_1_137' title='bbox 925 2958 1058 3024; x_wconf 85' lang='grc'><strong>15-18.</strong></span> 
     </span>
    </p>
   </div>
   <div class='ocr_carea' id='block_1_6' title="bbox 62 3116 1115 3448">
    <p class='ocr_par' dir='ltr' id='par_1_6' title="bbox 62 3116 1115 3448">
     <span class='ocr_line' id='line_1_22' title="bbox 116 3116 1115 3204; baseline 0 -21"><span class='ocrx_word' id='word_1_138' title='bbox 116 3116 189 3200; x_wconf 73' lang='lat' dir='ltr'>Quo</span> <span class='ocrx_word' id='word_1_139' title='bbox 209 3120 286 3185; x_wconf 91' lang='lat' dir='ltr'>ioco</span> <span class='ocrx_word' id='word_1_140' title='bbox 307 3117 505 3183; x_wconf 86' lang='lat' dir='ltr'>admonendi</span> <span class='ocrx_word' id='word_1_141' title='bbox 528 3138 658 3204; x_wconf 86' lang='lat' dir='ltr'>sumus,</span> <span class='ocrx_word' id='word_1_142' title='bbox 686 3117 876 3200; x_wconf 81' lang='lat' dir='ltr'>Quinctium</span> <span class='ocrx_word' id='word_1_143' title='bbox 899 3121 962 3184; x_wconf 86' lang='lat' dir='ltr'>nisi</span> <span class='ocrx_word' id='word_1_144' title='bbox 984 3123 1115 3183; x_wconf 90' lang='lat' dir='ltr'>utrum-</span> 
     </span>
     <span class='ocr_line' id='line_1_23' title="bbox 65 3239 1115 3326; baseline 0.003 -23"><span class='ocrx_word' id='word_1_145' title='bbox 65 3258 117 3323; x_wconf 88' lang='lat' dir='ltr'>que</span> <span class='ocrx_word' id='word_1_146' title='bbox 137 3240 236 3307; x_wconf 94' lang='lat' dir='ltr'>iudici</span> <span class='ocrx_word' id='word_1_147' title='bbox 261 3240 434 3325; x_wconf 85' lang='lat' dir='ltr'>probaret,</span> <span class='ocrx_word' id='word_1_148' title='bbox 464 3239 526 3305; x_wconf 91' lang='lat' dir='ltr'>bac</span> <span class='ocrx_word' id='word_1_149' title='bbox 549 3244 645 3325; x_wconf 89' lang='lat' dir='ltr'>parte</span> <span class='ocrx_word' id='word_1_150' title='bbox 668 3242 773 3324; x_wconf 90' lang='lat' dir='ltr'>ipsam</span> <span class='ocrx_word' id='word_1_151' title='bbox 796 3259 948 3307; x_wconf 89' lang='lat' dir='ltr'>caussam</span> <span class='ocrx_word' id='word_1_152' title='bbox 973 3242 1115 3326; x_wconf 90' lang='lat' dir='ltr'>probare</span> 
     </span>
     <span class='ocr_line' id='line_1_24' title="bbox 62 3356 333 3448; baseline 0.004 -24"><span class='ocrx_word' id='word_1_153' title='bbox 62 3379 120 3426; x_wconf 90' lang='lat' dir='ltr'>non</span> <span class='ocrx_word' id='word_1_154' title='bbox 140 3356 333 3448; x_wconf 80' lang='lat' dir='ltr'>potuisse⁸).</span> 
     </span>
    </p>
   </div>
   <div class='ocr_carea' id='block_1_7' title="bbox 57 3520 1116 3727">
    <p class='ocr_par' dir='ltr' id='par_1_7' title="bbox 57 3520 1116 3727">
     <span class='ocr_line' id='line_1_25' title="bbox 114 3520 1116 3609; baseline -0.001 -22"><span class='ocrx_word' id='word_1_155' title='bbox 114 3520 300 3587; x_wconf 80' lang='lat' dir='ltr'>Audiamus</span> <span class='ocrx_word' id='word_1_156' title='bbox 320 3521 440 3609; x_wconf 81' lang='lat' dir='ltr'>igitur,</span> <span class='ocrx_word' id='word_1_157' title='bbox 477 3520 596 3606; x_wconf 91' lang='lat' dir='ltr'>quibus</span> <span class='ocrx_word' id='word_1_158' title='bbox 617 3522 825 3609; x_wconf 82' lang='lat' dir='ltr'>argumentis</span> <span class='ocrx_word' id='word_1_159' title='bbox 848 3523 963 3585; x_wconf 89' lang='lat' dir='ltr'>orator</span> <span class='ocrx_word' id='word_1_160' title='bbox 983 3526 1116 3586; x_wconf 89' lang='lat' dir='ltr'>utram-</span> 
     </span>
     <span class='ocr_line' id='line_1_26' title="bbox 57 3642 674 3727; baseline -0.003 -21"><span class='ocrx_word' id='word_1_161' title='bbox 57 3661 115 3726; x_wconf 90' lang='lat' dir='ltr'>que</span> <span class='ocrx_word' id='word_1_162' title='bbox 136 3643 398 3727; x_wconf 81' lang='lat' dir='ltr'>propositionem</span> <span class='ocrx_word' id='word_1_163' title='bbox 421 3642 674 3708; x_wconf 85' lang='lat' dir='ltr'>confirmaucrit.</span> 
     </span>
    </p>
   </div>
   <div class='ocr_carea' id='block_1_8' title="bbox 49 3912 1114 4245">
    <p class='ocr_par' dir='ltr' id='par_1_8' title="bbox 83 3912 1114 4069">
     <span class='ocr_line' id='line_1_27' title="bbox 83 3912 1114 3980; baseline -0.002 -13"><span class='ocrx_word' id='word_1_164' title='bbox 83 3920 112 3978; x_wconf 59' lang='lat'>5}</span> <span class='ocrx_word' id='word_1_165' title='bbox 132 3918 199 3967; x_wconf 78' lang='lat' dir='ltr'>Vide</span> <span class='ocrx_word' id='word_1_166' title='bbox 218 3931 299 3980; x_wconf 83' lang='lat' dir='ltr'>supra</span> <span class='ocrx_word' id='word_1_167' title='bbox 317 3915 552 3980; x_wconf 69' lang='lat' dir='ltr'>§.2.p.59.seq.</span> <span class='ocrx_word' id='word_1_168' title='bbox 611 3917 637 3965; x_wconf 85' lang='grc'>3.</span> <span class='ocrx_word' id='word_1_169' title='bbox 659 3932 683 3978; x_wconf 91' lang='lat' dir='ltr'>p.</span> <span class='ocrx_word' id='word_1_170' title='bbox 704 3917 747 3966; x_wconf 84' lang='grc'>71.</span> <span class='ocrx_word' id='word_1_171' title='bbox 775 3930 851 3979; x_wconf 88' lang='lat' dir='ltr'>seqq.</span> <span class='ocrx_word' id='word_1_172' title='bbox 871 3914 899 3978; x_wconf 52' lang='grc' dir='ltr'>ὅ.</span> <span class='ocrx_word' id='word_1_173' title='bbox 919 3917 946 3966; x_wconf 74' lang='lat' dir='ltr'>i.</span> <span class='ocrx_word' id='word_1_174' title='bbox 974 3932 1000 3979; x_wconf 93' lang='lat' dir='ltr'>p.</span> <span class='ocrx_word' id='word_1_175' title='bbox 1020 3917 1064 3966; x_wconf 87' lang='lat'>83.</span> <span class='ocrx_word' id='word_1_176' title='bbox 1085 3912 1114 3977; x_wconf 60' lang='grc' dir='ltr'>ὃ.</span> 
     </span>
     <span class='ocr_line' id='line_1_28' title="bbox 83 4003 926 4069; baseline 0 -16"><span class='ocrx_word' id='word_1_177' title='bbox 83 4007 111 4053; x_wconf 47' lang='grc' dir='ltr'>6Ὶ</span> <span class='ocrx_word' id='word_1_178' title='bbox 133 4003 161 4067; x_wconf 67' lang='lat' dir='ltr'>ss.</span> <span class='ocrx_word' id='word_1_179' title='bbox 187 4008 213 4054; x_wconf 74' lang='lat'>2.</span> <span class='ocrx_word' id='word_1_180' title='bbox 240 4021 266 4068; x_wconf 90' lang='lat' dir='ltr'>p.</span> <span class='ocrx_word' id='word_1_181' title='bbox 286 4007 331 4056; x_wconf 70' lang='lat'>45.</span> <span class='ocrx_word' id='word_1_182' title='bbox 359 4011 385 4056; x_wconf 88' lang='lat' dir='ltr'>ct</span> <span class='ocrx_word' id='word_1_183' title='bbox 407 4007 505 4069; x_wconf 83' lang='lat' dir='ltr'>passim</span> <span class='ocrx_word' id='word_1_184' title='bbox 526 4007 552 4054; x_wconf 92' lang='lat' dir='ltr'>b.</span> <span class='ocrx_word' id='word_1_185' title='bbox 611 4004 637 4053; x_wconf 85' lang='lat' dir='ltr'>o.</span> <span class='ocrx_word' id='word_1_186' title='bbox 660 4006 926 4067; x_wconf 82' lang='lat' dir='ltr'>p.107.10ti.scq.</span> 
     </span>
    </p>

    <p class='ocr_par' dir='ltr' id='par_1_9' title="bbox 49 4091 1114 4245">
     <span class='ocr_line' id='line_1_29' title="bbox 49 4091 1114 4157; baseline -0.005 -13"><span class='ocrx_word' id='word_1_187' title='bbox 49 4091 134 4157; x_wconf 75' lang='lat' dir='ltr'>§pho</span> <span class='ocrx_word' id='word_1_188' title='bbox 646 4092 674 4155; x_wconf 88' lang='lat'>8)</span> <span class='ocrx_word' id='word_1_189' title='bbox 696 4095 762 4143; x_wconf 89' lang='lat' dir='ltr'>Vide</span> <span class='ocrx_word' id='word_1_190' title='bbox 789 4108 869 4157; x_wconf 82' lang='lat' dir='ltr'>supra</span> <span class='ocrx_word' id='word_1_191' title='bbox 901 4091 930 4154; x_wconf 63' lang='grc' dir='ltr'>δ.</span> <span class='ocrx_word' id='word_1_192' title='bbox 958 4095 984 4141; x_wconf 79' lang='lat'>2.</span> <span class='ocrx_word' id='word_1_193' title='bbox 1018 4108 1043 4155; x_wconf 93' lang='lat' dir='ltr'>p.</span> <span class='ocrx_word' id='word_1_194' title='bbox 1071 4093 1114 4140; x_wconf 89' lang='lat'>58.</span> 
     </span>
     <span class='ocr_line' id='line_1_30' title="bbox 81 4178 688 4245; baseline -0.007 -13"><span class='ocrx_word' id='word_1_195' title='bbox 81 4186 111 4242; x_wconf 64' lang='lat'>7)</span> <span class='ocrx_word' id='word_1_196' title='bbox 132 4183 198 4231; x_wconf 76' lang='lat' dir='ltr'>Vide</span> <span class='ocrx_word' id='word_1_197' title='bbox 224 4196 304 4245; x_wconf 80' lang='lat' dir='ltr'>supra</span> <span class='ocrx_word' id='word_1_198' title='bbox 330 4178 359 4242; x_wconf 53' lang='grc' dir='ltr'>ὃ.</span> <span class='ocrx_word' id='word_1_199' title='bbox 386 4183 411 4231; x_wconf 92' lang='grc'>1.</span> <span class='ocrx_word' id='word_1_200' title='bbox 433 4197 458 4244; x_wconf 89' lang='lat' dir='ltr'>p.</span> <span class='ocrx_word' id='word_1_201' title='bbox 477 4183 504 4232; x_wconf 72' lang='lat' dir='ltr'>d.</span> <span class='ocrx_word' id='word_1_202' title='bbox 524 4180 553 4244; x_wconf 74' lang='lat'>§.</span> <span class='ocrx_word' id='word_1_203' title='bbox 612 4195 688 4245; x_wconf 83' lang='lat' dir='ltr'>seqq.</span> 
     </span>
    </p>
   </div>
   <div class='ocr_carea' id='block_1_9' title="bbox 0 0 1592 5046">
    <p class='ocr_par' dir='ltr' id='par_1_10' title="bbox 0 0 1592 5046">
     <span class='ocr_line' id='line_1_31' title="bbox 0 0 1592 5046; baseline 0 0"><span class='ocrx_word' id='word_1_204' title='bbox 0 0 1592 5046; x_wconf 95' lang='lat' dir='ltr'> </span> 
     </span>
    </p>
   </div>
  </div>
 </body>
</html>
