3114 5046
326 379 368 443 td
422 375 517 479 Cup.
544 378 578 451 1.
632 375 693 450 De
718 380 804 451 iure
830 398 991 450 causaue
1019 373 1282 462 Quinctianae.

158 568 309 674 fflffiss
328 569 514 653 quert,·qui
536 567 727 652 sponsionis
749 565 976 650 famulaeque
998 566 1066 655 legi
1081 562 1280 645 adstrictus,
1302 564 1391 650 quod

158 679 220 720 *⁰⁰⁴⁸
233 680 308 727 ‘'⁰¹⁴‘’
328 689 481 756 iudicium
503 686 649 754 reddidit
670 689 904 775 magistratus,
927 704 1093 776 peragere
1106 690 1208 773 atque
1221 687 1393 752 sententia

326 830 388 877 sua
409 810 453 876 ad
475 810 627 876 effectum
649 807 854 891 perducere,
874 827 942 872 non
964 809 1137 897 corrigere
1158 798 1286 874 debet?

389 930 517 998 Audio:
532 935 569 997 at
583 931 669 996 enim
684 929 825 996 Tullium
840 933 988 994 nostrum
1003 928 1087 996 haec
1103 931 1190 994 ratio
1205 929 1295 1018 fugit
1308 947 1393 996 cae-

327 1058 485 1138 terosque
499 1055 663 1137 oratores,
674 1071 810 1137 quorum
827 1054 908 1137 puto
921 1054 1081 1117 neminem
1092 1049 1157 1117 hoc
1168 1052 1393 1136 querimoniae

325 1194 451 1266 genus,
480 1175 535 1241 ubi
557 1176 690 1259 occasio
712 1177 820 1260 esset,
846 1173 946 1239 facite
969 1164 1308 1257 praetermisisset?

390 1295 480 1361 Nihil
501 1297 619 1359 minus.
662 1294 848 1360 Enimuero·
864 1292 958 1359 hisce
980 1294 1065 1360 locis
1086 1313 1154 1359 non
1175 1291 1209 1358 td
1229 1293 1393 1383 agebant,

327 1415 416 1503 quod
431 1414 568 1502 adsequi
582 1416 674 1481 nulio
688 1413 786 1480 modo
803 1418 953 1500 possent,
975 1419 1013 1480 ut
1026 1415 1199 1481 termulam
1212 1417 1394 1500 mutarent,

326 1537 509 1604 iudicemue
520 1556 541 1603 a
553 1538 694 1602 formula
706 1535 926 1622 depellerent3
940 1538 1046 1621 immo,
1061 1553 1157 1623 quam
1168 1553 1281 1603 curam
1291 1555 1393 1601 num-

328 1678 423 1745 quam
442 1660 682 1744 neglexerunt,
704 1660 742 1723 ut
762 1655 1020 1726 misericordiam
1034 1660 1216 1747 mouerent,
1239 1658 1394 1723 beneuo-

326 1782 526 1866 lentiamquc
554 1784 589 1846 et
615 1798 757 1847 caussae
783 1796 865 1845 suae
893 1782 929 1845 et
954 1779 1068 1847 clienti
1090 1781 1393 1867 compararent3-

327 1901 416 1968 haud
431 1903 555 1991 ignari,
577 1920 673 1987 quem
688 1902 900 1988 apparuerit,
922 1901 1066 1986 iniquum
1081 1917 1102 1966 a
1123 1899 1288 1967 Praetore
1302 1900 1395 1966 iudi-

327 2026 411 2091 cium
423 2026 608 2108 accepisse,
619 2026 650 2089 ci
660 2022 725 2089 hac
736 2025 810 2108 ipsu
822 2027 929 2108 parte,
941 2040 1007 2108 qua
1017 2025 1138 2089 natura
1146 2021 1394 2111 sunthomiucs,

327 2144 446 2212 iudicis
466 2146 799 2231 quantulumcumque
821 2145 971 2210 fauorem
992 2160 1190 2211 accrescere
1211 2145 1336 2210 solere.

161 2316 310 2426 bo„
263 2319 311 2357 ιι
390 2284 488 2370 Nunc
521 2303 738 2389 pertractatis
765 2300 895 2370 duabus
922 2303 989 2369 illis
1010 2302 1284 2392 inuestigationis
1309 2321 1395 2388 par-

242 2425 433 2511 a·tibus,
454 2423 611 2492 uldeticet
634 2423 711 2512 quid
732 2424 877 2491 Praetor
898 2422 941 2491 de
961 2422 1147 2490 satisdandi
1170 2423 1227 2489 illo
1252 2427 1396 2491 contro-

327 2531 440 2613 uersis
468 2546 652 2613 decomeco
681 2566 753 2614 eum
774 2550 931 2634 potuerit
956 2549 1025 2610 tum
1053 2543 1229 2631 debuerit,
1262 2548 1395 2632 tempus

328 2671 398 2754 est,
419 2672 457 2734 ut
479 2668 523 2734 ad
544 2667 738 2754 supradicta
757 2670 919 2734 orationis
933 2687 995 2754 pro
1012 2664 1167 2750 Quinctio
1182 2668 1259 2734 loca
1273 2686 1395 2734 reuer-

327 2794 452 2872 tamur,
473 2791 539 2870 ubi,
562 2788 640 2877 quid
663 2790 807 2855 Praetor
827 2791 1039 2874 decreuerit,
1062 2791 1248 2855 enarratur.

390 2915 563 3002 Integram
580 2931 624 2979 cx
637 2910 816 2978 (lodicibus
830 2909 919 2978 hanc
933 2930 1036 2997 supra
1051 2910 1185 2976 exhibui
1199 2911 1394 2979 lectionem:

391 3089 420 3137 e
447 3067 478 3135 8.
505 3109 546 3119 -
574 3071 689 3135 «iubet
725 3069 763 3134 Ρ.
796 3067 985 3149 Quinctium
1016 3071 1229 3154 sponsionem
1264 3071 1395 3138 iacere:

395 3190 468 3259 «St
499 3191 589 3257 torua
617 3211 682 3257 sua
711 3210 757 3257 esc
790 3190 922 3258 Edicto
947 3189 990 3257 P.
1014 3190 1180 3257 Burrieni
1207 3188 1395 3258 Praetorio

396 3313 495 3379 ,ἀίει
517 3309 647 3378 XXX.
661 3332 823 3400 possessa
845 3331 915 3378 ιιοιι
937 3319 1081 3380 esseut·

393 3455 421 3498 c.
433 3432 483 3497 27.
493 3473 534 3483 —
544 3464 556 3493 ι
567 3429 714 3520 Sponsio
727 3452 812 3520 quaa
824 3436 857 3498 tn
869 3435 971 3498 uerba
984 3434 1077 3500 facta
1087 3426 1168 3499 cst?
1184 3431 1231 3502 St
1242 3453 1291 3500 ex
1300 3434 1396 3501 Edi·

396 3560 475 3620 «cto
490 3551 676 3622 Praetoris
698 3556 788 3621 tona
803 3551 846 3619 P.
857 3553 1013 3637 Qutrretit
1029 3576 1191 3642 possessa
1205 3575 1278 3622 uon
1292 3558 1396 3623 stat?

394 3710 489 3793 Quae
516 3730 583 3801 age
611 3713 760 3779 transfer
782 3733 826 3780 ex
848 3713 997 3799 obliquo,
1027 3733 1091 3800 quo
1113 3717 1396 3801 pronunciantur,

364 3953 410 4017 34)
434 3955 513 4006 Coni.
539 3968 589 4018 pro
616 3955 707 4007 Tullio
736 3969 761 4006 c·
786 3955 831 4006 ³8.
891 3957 976 4020 «quia
989 3970 1044 4007 nou
1062 3957 1253 4021 impetrasses,
1272 3957 1396 4008 tribunos

332 4045 418 4108 «quid
447 4045 571 4103 attinuit,
602 4050 628 4094 ta
659 4050 712 4094 iam
740 4044 833 4095 multis
890 4044 1397 4109 «piebisappeiiara,otttoiniodieio

331 4134 445 4183 «uerbis
461 4147 476 4182 a
492 4133 619 4182 Praetura
636 4132 786 4197 postulare,
804 4139 834 4184 ut
891 4134 1395 4198 «quertProetorioioiquttotorn,quod

332 4223 466 4273 «adderet
478 4223 506 4272 iu
522 4222 652 4274 iudicium
667 4222 793 4284 Inrunu,
807 4227 833 4274 at
891 4223 947 4273 ode
965 4223 1065 4275 iniuria
1083 4236 1138 4273 oou
1160 4222 1339 4275 addideritis
