3114 5046
338 377 400 442 ¹22
446 373 541 479 Gap
563 376 598 451 1.
652 376 713 453 Da
738 381 824 455 iore
850 401 1011 454 caussae
1039 372 1304 464 Quinctianae.

183 574 273 619 ¹¹⁶¹·
277 571 468 677 &curiose
489 587 640 637 caussam
663 570 842 655 explicari,
878 586 939 635 cur
969 568 1148 634 iudicatum
1176 567 1263 633 solui
1293 566 1401 632 albia

169 691 259 733 Μ·
244 706 315 735 Μ·
337 689 493 773 Quinctio
514 690 672 756 satisdari
694 693 851 776 oportere
872 691 1023 757 Naeuius
1039 688 1269 771 contenderit,
1291 705 1401 774 eoque

335 814 476 879 consilio
498 813 593 899 quasi
614 831 684 878 rem
706 830 826 877 nouam
847 830 956 898 neque
980 818 1083 878 antea
1112 813 1402 878 commemoratam

335 937 438 1020 caput
459 934 540 999 illud
562 932 674 1000 Edicti
696 934 849 1016 recitari,
874 953 956 1023 quo,
985 933 1041 1019 qui
1062 935 1182 998 iustam
1206 934 1402 1016 possessio-

335 1074 410 1121 nem
434 1057 595 1122 bonorum
617 1074 739 1141 passus
763 1057 826 1144 sit,
855 1056 903 1121 ita
928 1053 1095 1121 satisdare
1124 1055 1254 1139 petenti
1280 1054 1403 1119 iubea-

335 1172 446 1255 tur¹⁹).
502 1177 553 1244 At
581 1197 662 1244 uero
689 1179 719 1244 si
747 1176 863 1244 eadem
885 1195 1006 1244 caussa
1027 1177 1107 1260 init,
1140 1179 1402 1262 propterquam

335 1300 434 1365 etiam
456 1300 499 1365 ab
522 1298 648 1366 Alieno
670 1299 819 1366 Naeuius
848 1301 982 1366 biennio
1012 1303 1109 1386 ante,
1138 1303 1177 1362 ut
1202 1297 1403 1380 satisdaret,

336 1422 557 1509 postulasset,
589 1440 693 1511 aegre
725 1423 944 1511 intelligitur,
976 1440 1037 1488 cur
1066 1422 1099 1486 in
1133 1420 1197 1487 lrac
1229 1421 1403 1487 anteriore

334 1540 580 1627 disceptatione
601 1542 771 1608 narranda
792 1533 974 1624 (uidelicet
994 1544 1029 1607 ln
1050 1562 1080 1610 c.
1097 1542 1128 1607 ’1.
1149 1544 1267 1607 nostro
1275 1533 1340 1624 20))
1361 1541 1403 1608 de

334 1664 391 1729 illo
413 1663 527 1731 Edisti
548 1667 677 1751 capite,
712 1665 892 1750 quinetiam
918 1663 961 1730 de
989 1665 1064 1750 ipsa
1088 1664 1146 1729 illa
1167 1662 1403 1730 satisdationls

335 1785 525 1875 exigendae
556 1803 678 1853 caussa
710 1791 825 1853 orator
854 1788 1017 1869 tacuerit,
1053 1785 1198 1871 denique
1232 1805 1276 1852 ne
1304 1787 1403 1852 aliam

335 1906 466 1994 quidem
499 1908 736 1992 postulationis
765 1926 919 1975 caussam
948 1909 1048 1973 ullam
1069 1906 1248 1974 addiderit.
1306 1903 1404 1990 Quae

335 2026 517 2095 difficultas
538 2031 644 2095 omnIs
665 2032 797 2117 cessat,
820 2027 995 2095 dummodo
1016 2049 1207 2116 supponas,
1228 2048 1292 2117 pro
1316 2048 1405 2115 quo-

336 2146 463 2215 tidiano
486 2169 593 2234 eoque
615 2150 788 2216 notissimo
817 2154 1059 2238 procrtrotorts
1091 2150 1220 2238 officio,
1257 2150 1406 2217 Alienus

335 2273 374 2335 ut
395 2269 574 2337 iudicatum
594 2273 682 2336 solui
703 2290 747 2337 ex
768 2291 859 2338 more
880 2272 1081 2361 satisdaret,
1101 2273 1264 2340 Naeuium
1278 2277 1405 2358 postu-

335 2392 470 2457 laulsse.
522 2387 694 2478 Siquidem
727 2395 783 2477 qui
809 2394 857 2460 ita
884 2394 1004 2461 Naeuii
1032 2395 1237 2480 postulatum
1265 2394 1407 2460 intelle-

336 2514 443 2595 xcrit,
479 2532 547 2579 non
581 2515 687 2579 solum
715 2516 749 2579 in
779 2513 810 2579 d.
838 2534 867 2582 c.
892 2513 923 2578 8.
951 2534 1073 2582 reuera
1099 2515 1238 2582 habebit
1265 2516 1407 2601 primam

336 2652 445 2719 neque
476 2637 578 2700 antea
614 2634 837 2702 introductam
869 2638 1010 2702 alterius
1045 2654 1188 2704 caussae
1223 2635 1407 2722 lddictique

335 2757 550 2842 monitionem,
584 2774 696 2822 uerum
726 2760 825 2822 eiiam
851 2760 885 2821 in
907 2756 939 2822 d.
967 2776 997 2824 c.
1021 2757 1052 2822 ’1.
1073 2775 1238 2824 cucusam
1265 2777 1316 2825 ex
1337 2778 1407 2850 qua

335 2875 516 2961 Necatus,
538 2884 579 2944 nt
599 2875 752 2963 Alsenos
773 2880 986 2965 soltsdoret,
1017 2880 1276 2966 postolooertt,
1306 2881 1407 2946 inue-

336 3000 425 3084 niet,
455 3018 522 3063 non
544 3000 613 3064 late
644 2997 775 3085 quidem
806 3001 1024 3085 explicatam,
1057 3004 1094 3066 at
1121 3001 1175 3066 uel
1206 3020 1275 3065 uno
1299 3001 1407 3067 uerbo

334 3126 543 3206 prosperatos
564 3121 705 3185 nominis
726 3123 800 3187 uice
823 3123 947 3206 posito,
970 3125 1128 3206 quantum
1150 3121 1280 3188 adrem
1296 3124 1408 3188 omni-

337 3241 400 3307 bus
421 3243 591 3329 cognitam
612 3244 698 3307 satis
718 3245 827 3323 esset,
848 3241 1119 3308 demonstratam.

399 3415 508 3483 Porro
543 3418 708 3503 obserua,
744 3436 890 3503 quaeso,
927 3418 1200 3503 quemadmodum
1238 3425 1409 3506 concepta

337 3540 405 3603 sint
437 3557 478 3606 ac
510 3541 695 3624 composita
727 3541 801 3623 ipsa
833 3541 939 3606 uerba
972 3541 1049 3622 illa,
1086 3540 1207 3625 quibus
1241 3540 1408 3627 Alienus,

337 3660 416 3745 quin
437 3658 638 3747 satisdaret,
658 3663 870 3727 recusaulsse
890 3660 1030 3728 dieitur:

374 3966 417 4015 tat
449 3968 514 4018 Loci
545 3974 667 4019 tenorem
702 3968 765 4018 uldc
797 3982 841 4018 su·
898 3971 1007 4020 adarci.
1046 3973 1130 4033 Napai
1152 3972 1269 4024 Alienus
1288 3988 1400 4039 aequum

338 4069 386 4119 pra
404 4068 431 4119 p.
450 4056 477 4106 ὅ,
898 4073 1001 4108 nesse·
1033 4062 1082 4110 rel.
1112 4060 1200 4125 (quaa
1234 4065 1299 4114 uide
1327 4075 1398 4127 supra

371 4142 417 4193 till
437 4145 515 4194 «isio
533 4144 702 4207 postulabat.
729 4151 757 4194 ui
780 4159 840 4205 pro-
898 4162 924 4210 p.
949 4147 1021 4197 tas*-

340 4240 471 4282 «carator
498 4234 644 4283 iudicatum
669 4233 739 4283 nalal
765 4235 840 4283 satia·
