3114 5046
444 377 505 440 172
543 375 699 476 capl.
751 375 813 453 De
845 381 932 455 iure
959 402 1120 454 caussae
1145 376 1412 466 Quinctianae.

506 565 603 648 Quod
619 571 655 632 ut
671 568 872 633 commodius
887 567 1066 654 procedat,
1088 567 1273 649 uideamus,
1290 569 1411 654 quibus
1427 588 1509 653 par-

443 690 533 754 tibus
555 692 670 754 orator
691 689 919 755 defensionem
942 709 1034 755 suam
1050 690 1270 775 disposuerit,
1293 688 1416 755 deinde
1433 692 1509 775 qui-

444 810 505 877 bus
527 811 611 876 loeis
632 830 691 875 seu
713 814 920 898 argumentis
942 830 1203 898 unamquamque
1226 815 1355 895 partem
1379 813 1509 875 instru-

443 933 541 995 xerit.
596 932 679 997 Nam
708 932 749 997 de
779 936 850 1018 ipsa
879 952 1010 1018 quoque
1032 935 1212 1017 partitione
1233 933 1509 1019 singulam-que

444 1056 584 1136 partium
615 1053 733 1118 tinibus
766 1055 943 1139 plerosque
965 1056 1188 1139 interpretes,
1224 1053 1287 1120 irae
1310 1055 1508 1138 praesertin

442 1179 571 1258 aetate,
593 1176 781 1259 perniciose
804 1195 933 1259 errare,
957 1196 1033 1240 rnox
1055 1177 1241 1260 apparebit.

361 1397 365 1405 ,
505 1331 685 1418 Nepamna
707 1340 743 1399 te
764 1334 855 1400 borao
880 1331 919 1398 Ρ.
943 1333 1116 1421 Quttaettt,
1153 1332 1240 1400 See.
1261 1329 1403 1418 Naeui,
1426 1353 1508 1420 poe·

443 1453 573 1519 sedisse
596 1472 642 1518 ex
664 1453 795 1520 Edicto
818 1452 1002 1520 Praetoria
1011 1449 1044 1530 ¹).

506 1576 546 1640 ln
577 1594 617 1639 eo
646 1577 785 1660 sponsio
815 1575 907 1642 faeta
936 1580 988 1641 est
1018 1576 1238 1662 iudiciumque
1271 1578 1508 1661 constitutum,

443 1715 483 1761 aa
506 1698 609 1761 totius
632 1695 838 1762 defensionis
859 1691 1042 1776 intentio²).

505 1855 614 1919 Huius
642 1857 819 1940 positionis
847 1859 1048 1941 tripartitam
1078 1860 1194 1921 orator
1222 1857 1404 1940 pollicetur
1426 1875 1508 1922 eon·

443 1976 670 2042 firmationem.

510 2131 716 2222 Ostendam,
749 2136 872 2220 inquit,
903 2140 1072 2223 primum,
1102 2154 1265 2201 corneam
1285 2154 1359 2200 aloa
1379 2133 1509 2220 littere,

444 2273 506 2319 ear
528 2275 551 2319 o
574 2252 745 2319 Proetore
766 2256 981 2344 postulares,
1008 2262 1049 2321 ut
1070 2256 1160 2321 bona
1183 2252 1225 2321 P.
1247 2254 1408 2337 Quintettt
1429 2276 1509 2343 poe·

443 2377 599 2441 siderea:
621 2407 664 2419 -

507 2497 632 2562 deinde
654 2515 702 2562 ex
723 2496 853 2563 Edicto
875 2504 911 2563 te
932 2497 1111 2584 possidere
1133 2517 1203 2565 aon
1223 2502 1408 2584 potuisse:
1431 2527 1473 2539 -

506 2623 680 2702 postremo
702 2637 773 2683 noa
793 2620 987 2704 possedisse
995 2613 1028 2698 ³).

509 2772 603 2855 Quae
624 2778 654 2840 si
675 2779 768 2841 reete
790 2778 958 2864 intelligo,
992 2779 1105 2861 priora
1133 2776 1198 2841 duo
1226 2780 1282 2841 tus
1309 2777 1510 2861 possidendi

445 2900 618 2982 spectant,
654 2899 786 2961 tertium
808 2903 923 2982 ipsam
943 2903 1196 2983 possessionem
1219 2902 1396 2986 protenus
1415 2895 1509 2982 facto

446 3023 595 3084 corneae.

510 3140 574 3204 Illo
594 3158 693 3223 uero,
725 3137 900 3203 dummodo
921 3144 1015 3205 reete
1037 3158 1074 3204 se
1096 3140 1266 3221 habeant,
1301 3158 1390 3224 quae
1412 3158 1511 3224 supra

448 3255 714 3341 dlsseruimus⁴)‚
745 3260 794 3325 sic
830 3258 1052 3325 discernenda
1087 3264 1181 3342 sunt,
1221 3263 1257 3324 ut
1294 3262 1402 3344 primo
1440 3262 1512 3327 loeo

448 3383 542 3465 quast
575 3401 621 3447 esc
649 3378 783 3447 Noeoa
812 3399 979 3469 persono,
1015 3381 1122 3445 altero
1152 3386 1263 3447 autern
1292 3401 1340 3447 ea·
1361 3401 1513 3468 persono

481 3680 508 3745 1)
536 3685 604 3734 Sunt
633 3685 716 3735 uerba
743 3683 882 3735 Ciceronis
920 3686 947 3735 in
1004 3687 1424 3747 nont,redadiurisdiotionem
1439 3689 1517 3738 Prae

447 3786 470 3821 e.
492 3773 535 3822 10.
1004 3776 1079 3824 toris·
1099 3775 1139 3824 De
1150 3788 1181 3824 ea
1194 3789 1260 3825 uero
1271 3790 1354 3839 supra
1364 3779 1391 3826 in
1400 3775 1478 3840 §pho
1492 3779 1515 3826 1-

481 3856 509 3922 2)
529 3861 605 3922 Quae
631 3867 711 3912 antea
735 3862 830 3912 Cicero
854 3862 888 3912 do
909 3863 948 3911 iu·
1005 3864 1248 3922 sictraotauimus,
1263 3871 1292 3913 ui
1307 3867 1361 3914 hoo
1376 3865 1519 3916 loconihii

446 3947 518 3996 dicio
547 3949 698 4000 ordinando
729 3963 761 3999 ao
794 3950 946 4009 Praetoris,
1004 3952 1118 4000 attineat
1137 3957 1273 4014 repetere.

447 4036 611 4098 quamdicit‚
629 4038 769 4099 iniquitate
780 4040 948 4100 disputata
1041 4041 1069 4097 3)
1090 4042 1114 4089 d.
1137 4054 1162 4088 e.
1183 4043 1226 4089 10.

448 4138 501 4172 non
516 4124 548 4172 ad
563 4125 708 4181 iudicium.
729 4128 831 4188 dequo
848 4127 948 4186 agitur,
1041 4127 1068 4188 t)
1088 4126 1116 4188 §-
1137 4128 1163 4177 2.
1185 4143 1210 4190 p·
1231 4129 1275 4178 57.
1297 4143 1376 4194 seqq-

448 4213 590 4274 nequead
613 4213 709 4262 iudicis
727 4213 846 4263 officium
871 4217 950 4276 perti-
