3112 5056
316 407 356 477 in
383 406 556 479 oratione
581 429 655 505 pro
684 404 870 493 Quinctio.

1059 405 1117 467 201

169 735 254 802 quo,
275 718 413 800 praeter
441 713 675 800 philosophica
702 713 863 801 quaedam
893 712 1067 782 Ciceronis
1089 721 1122 781 et

170 838 299 923 aliquot
315 838 493 921 epistolas,
516 839 688 903 orationes
709 840 925 902 inueniuntur
941 828 1066 927 ‘uiginti
1089 843 1124 902 et

167 978 246 1043 uua,
267 978 358 1023 nono
379 961 489 1023 autem
511 958 587 1024 loeo
611 957 694 1027 haec
712 957 938 1044 Quinctiana,
959 961 993 1023 in
1016 953 1123 1025 Cata-

168 1082 249 1170 iogo
279 1071 443 1162 (Parisiis
473 1077 564 1142 17tt.
593 1069 678 1160 iol.)
707 1079 762 1145 Pa
792 1081 857 1146 ΙΙΙ.
889 1079 969 1145 Τοηι
999 1081 1058 1145 Ν.
1091 1099 1122 1164 p.

166 1200 240 1263 396.
266 1201 307 1267 N.
330 1198 469 1275 tuaest).

88 1507 116 1572 2)
136 1509 216 1559 luem
234 1513 276 1559 cst
293 1508 339 1558 hic
350 1507 458 1565 Codex,
480 1522 562 1573 quem

59 1598 105 1646 Ed.
128 1597 280 1646 Wunderus
298 1597 332 1646 ad
348 1597 498 1648 orationem
514 1611 562 1662 pro

59 1686 167 1736 Piauoio
188 1686 216 1736 iu
234 1684 389 1747 Proiegom·
410 1699 437 1749 p.
457 1686 503 1736 tv.
523 1688 563 1736 rt·

60 1775 115 1823 tuiit
138 1779 222 1838 atque
246 1779 310 1823 uoto
328 1775 377 1823 Pu·
397 1774 561 1837 designauit.

59 1862 235 1924 Quaesitum
255 1874 351 1912 caussa
370 1861 439 1924 fuit,
459 1869 489 1912 ut
510 1864 563 1926 uri-

60 1965 100 2000 mo
117 1950 181 2001 ioco
199 1963 264 2000 eum
283 1949 424 2012 afferrem,
451 1964 563 2015 quomr-

60 2040 96 2100 gis
114 2044 141 2090 et
159 2039 316 2090 litterarum
332 2040 458 2090 ordinem
475 2045 502 2091 et
515 2054 562 2090 uo-

60 2133 109 2177 tam
136 2127 215 2177 ilium
242 2141 446 2177 couseruarem·
483 2129 561 2191 Quod

61 2214 87 2264 V.
104 2216 137 2264 Ι).
159 2215 208 2265 ille
228 2215 256 2265 d.
272 2215 334 2266 loco
354 2217 468 2277 adiecit,
491 2217 563 2278 Qua·

62 2304 120 2353 ruis
139 2304 244 2367 pagiua
266 2303 393 2367 pluruma
418 2305 503 2355 uerba
525 2312 563 2356 te·

62 2406 152 2443 «mere
165 2393 302 2454 omittite,
316 2395 398 2443 etiam
407 2394 470 2443 huic
481 2394 561 2458 parti,

62 2494 107 2543 uua
125 2482 215 2532 oratio
234 2494 284 2544 pro
298 2481 425 2544 Quinctio
441 2483 562 2533 coutine-

62 2574 111 2630 tur,
137 2569 314 2633 aliquatenus
332 2571 477 2629 conuenitt
504 2584 563 2620 rur·

63 2671 101 2707 sus
118 2664 213 2708 autem
235 2658 353 2709 maiores
373 2661 505 2722 quasdam
523 2659 562 2709 lr-

62 2759 155 2806 euurs‚
185 2747 300 2797 coeteris
325 2761 412 2810 paene
435 2749 562 2798 omuibus

63 2847 233 2894 communes.
266 2836 431 2887 nonhabet.
470 2835 563 2887 Caete-

63 2937 116 2973 rum
136 2925 318 2988 praecipuum
347 2930 389 2975 est
418 2925 444 2975 ei
469 2924 562 2975 Codioi

63 3013 136 3062 cuam
150 3013 286 3063 uetustius
305 3013 357 3063 hoc
374 3014 506 3064 orationis
521 3027 564 3063 ar·

64 3106 240 3161 tomentum:

92 3189 213 3252 «incipit
239 3189 327 3240 oratio
350 3188 388 3240 tt.
410 3189 443 3239 T·
463 3188 493 3239 G.
513 3202 563 3253 pro

64 3277 201 3339 «Quintio,
215 3277 294 3327 cuius
306 3284 498 3340 argumentum
511 3278 563 3328 hoc

65 3372 128 3416 «est.
166 3366 265 3416 Sextus
289 3366 409 3416 Naeuius
431 3371 459 3417 et
479 3366 562 3416 Gaius

65 3454 205 3515 «Quintius
230 3454 306 3503 ciues
331 3453 448 3504 Romani
473 3455 563 3507 socie-

66 3548 162 3593 tutem
193 3547 331 3593 certorum
356 3556 464 3602 rerum,
495 3555 562 3606 quas

67 3631 109 3680 riu
125 3631 205 3682 Galia
224 3631 416 3695 possidebant,
443 3633 515 3681 iuter
533 3646 563 3682 sc

69 3720 230 3769 «iuuerunt.
275 3718 398 3769 Decessit
416 3732 442 3781 g.
463 3720 494 3781 Q.
516 3719 561 3779 (G.

70 3805 221 3869 rQuiutius)
234 3807 331 3857 relicto
348 3808 448 3857 herede
465 3809 563 3859 Publio

70 3895 201 3957 «Quintio.
240 3894 308 3945 Cum
327 3897 460 3946 rationem
479 3899 563 3946 socie-

71 3988 149 4045 tutis,
163 3998 247 4049 quur
258 3984 327 4035 olim
339 3984 488 4034 iratereios
500 3999 562 4035 cou-

72 4078 197 4123 «traxerat
212 4087 277 4122 cum
298 4071 388 4122 Sextio
403 4073 475 4131 (Sex.
496 4075 563 4124 Nae·

74 4160 132 4213 uiot,
149 4164 243 4212 uidere
255 4159 356 4220 uellet,
378 4163 449 4225 quod
459 4169 565 4225 praetor

75 4262 160 4311 ttuem
177 4252 265 4301 iuerat
281 4262 297 4298 a
312 4248 372 4298 Sex.
396 4251 427 4301 tt.
447 4252 564 4315 quadam

621 1509 776 1572 «promissa
813 1509 930 1572 pecuuis
963 1509 1121 1569 destitutus,

620 1598 845 1647 «circumuentus
863 1603 903 1647 est
916 1610 1015 1661 magur
1028 1597 1123 1648 fraude

619 1690 726 1749 «atque
735 1690 816 1735 artes
829 1685 889 1736 Sex.
906 1683 973 1735 Cum
987 1687 1061 1736 euim
1074 1700 1123 1750 pro

620 1773 689 1823 oilla
716 1775 822 1823 ratione
851 1775 1010 1837 pecuniaria
1035 1774 1123 1836 iitiga-

620 1867 703 1922 «ret,
737 1862 906 1926 suisseotque
925 1863 959 1912 de
984 1863 1124 1913 communi

622 1950 783 2001 «uoluntate
795 1951 954 2000 uadimonia
972 1951 1122 2012 dissoluto,

620 2044 669 2089 ret
687 2039 720 2101 Q.
742 2040 794 2089 iter
812 2039 929 2103 cepisset
948 2040 976 2089 iu
994 2038 1122 2094 Galliam,

619 2128 761 2179 «Naeuius
789 2140 805 2177 ι
824 2132 949 2191 praetore
968 2128 1123 2192 postulauit,

620 2222 674 2266 out
692 2217 743 2266 sibi
761 2229 792 2265 ex
806 2217 938 2280 praetorio
950 2217 1039 2267 edicto
1052 2217 1124 2266 boot

620 2304 747 2365 «Quintii
766 2305 905 2367 possidere
922 2305 1031 2367 liceret,
1060 2319 1124 2354 oum

619 2393 692 2442 «sibi
732 2394 919 2443 uadimonium
960 2395 1125 2443 deseruisset

619 2482 778 2543 «Quintius.
815 2481 928 2532 Praetor
939 2483 1124 2534 intercedente

619 2569 755 2631 «Alieno,
772 2575 948 2634 procuratore
961 2570 1044 2620 Sextii
1053 2568 1122 2633 (sic),

620 2659 742 2708 «iniuste
765 2659 899 2708 concessit
923 2659 1124 2722 possessiouem

620 2748 776 2797 abonorum
790 2747 893 2809 Quintii
906 2747 1019 2798 Naeuio.
1040 2747 1125 2808 Quin·

620 2837 711 2896 otius,
739 2848 802 2885 cum
821 2835 940 2899 primum
959 2835 987 2884 iu
1006 2835 1124 2885 Gaiiiam

620 2925 735 2980 oueuit,
757 2929 787 2973 ut
804 2928 943 2988 tamquam
965 2924 1056 2974 fratris
1077 2925 1124 2974 he·

619 3025 688 3062 «res
707 3013 841 3062 honorum
860 3013 1047 3063 communium
1063 3025 1125 3077 pos·

620 3101 794 3150 «sessionem
812 3099 822 3161 ΙΙ
840 3103 942 3151 eiectus
966 3101 1017 3151 suit
1039 3113 1124 3152 mauu

621 3190 830 3239 «communium
838 3189 1026 3241 winomado
1038 3187 1123 3241 fundo

620 3278 778 3340 «galiotae.
822 3277 938 3330 Volebat
955 3278 1039 3343 igitur
1055 3279 1124 3330 Nae-

620 3367 706 3416 «uius
725 3368 795 3417 bona
814 3367 919 3429 Quintii
941 3379 1066 3430 possessa
1084 3367 1124 3417 di·

622 3469 723 3516 toere,
748 3468 874 3505 assereus
888 3469 917 3505 se
936 3470 985 3518 por
1002 3457 1046 3506 30.
1065 3452 1125 3518 (sic)

620 3544 700 3593 odies
715 3544 803 3594 edicto
817 3545 948 3606 praetoris
959 3545 1030 3595 bour
1040 3544 1123 3607 Quiu-

620 3634 674 3683 ‹ttii
703 3633 865 3695 possedisse·
912 3634 1028 3684 Causam
1055 3633 1123 3684 Nae·

621 3722 684 3770 ruii
708 3722 825 3783 agebant
853 3723 885 3783 Q.
913 3722 1072 3771 Hortensius
1097 3726 1124 3771 et

622 3810 677 3858 oL.
690 3810 840 3873 Philippus,
854 3810 1000 3860 clarissimi
1013 3817 1039 3861 et
1052 3808 1123 3874 (spu-

621 3900 713 3946 otium
735 3912 853 3946 uacuum
869 3899 912 3948 15.
930 3901 1035 3949 circiter
1057 3900 1123 3949 titte-

621 3985 751 4049 «rarom)
774 3993 917 4043 oratores,
947 3988 1043 4051 quibus
1069 3989 1123 4037 iam

623 4076 782 4124 «ueteranis
804 4080 831 4124 et
851 4077 1005 4138 potentibus
1028 4077 1123 4126 Cicero

623 4165 735 4214 «adhuc
762 4164 868 4214 iuuenis
894 4178 1027 4214 auuorum
1058 4165 1122 4223 ἢ,

623 4258 672 4302 out
691 4252 774 4303 reteri
788 4253 930 4315 plantaras
948 4255 1021 4313 (sic)
1040 4251 1124 4315 Quiu-
