3114 5046
372 353 411 429 s.
438 341 472 414 1.
526 337 667 414 ludicii
694 340 801 442 ortuo
825 350 863 416 et
883 349 1039 416 nutura
1201 339 1243 402 2⁹

238 550 428 620 tpocaeaao
460 537 597 616 essent,
635 534 792 617 quantum
821 532 910 617 scio,
941 550 1009 596 uno
1041 530 1243 599 Grutcriono
1263 520 1414 631 ,ξᾚξζξ

240 653 392 721 «Codice
414 658 449 720 et
471 628 633 743 Naugerit
658 651 814 719 unitione
837 650 1058 728 defenditur.»
1263 636 1366 684 Μ’·

235 772 337 840 Idem
358 774 402 841 ad
424 794 454 841 c.
472 773 525 838 27.
549 775 691 861 fatetur,
720 773 762 841 de
784 774 877 839 nuiio
906 772 1032 840 Codice
1059 773 1121 839 sibi
1150 791 1246 839 com·

173 902 307 982 pertum
336 915 430 980 esse,
463 898 497 960 in
530 916 594 982 quo
626 893 679 963 Nt
701 941 711 961 .
734 940 743 960 .
764 942 774 961 .
794 914 955 983 possessu
987 900 1061 962 aiut
1092 895 1245 983 legatur,

173 1021 271 1082 immo
295 1020 329 1082 in
354 1018 504 1084 omnibus
524 1038 591 1083 uon
612 1036 738 1082 summa
759 1017 950 1083 constantia
971 1017 1120 1083 retineri.

138 1182 141 1186 »
240 1137 389 1222 nUnde,
420 1141 547 1225 inquit,
579 1159 614 1204 ru
636 1184 645 1203 .
666 1184 675 1204 .
698 1184 708 1204 .
730 1158 795 1204 nou
828 1137 972 1204 malebat
1005 1135 1244 1224 Hotomanus,

177 1279 248 1326 «ne
271 1263 308 1325 in
330 1260 503 1325 formulam
525 1263 734 1345 peccaretur.
775 1257 906 1325 Deinde
927 1256 1104 1343 Editorea,
1134 1258 1188 1344 qui
1212 1257 1246 1322 in

177 1401 230 1447 «c
244 1379 276 1445 8.
289 1379 377 1446 idem
399 1381 544 1447 tentanti
564 1379 737 1447 Lumoino
751 1383 963 1467 restiterant,
986 1378 1040 1446 hio
1054 1399 1090 1445 au
1105 1424 1114 1444 .
1131 1425 1139 1442 .
1155 1425 1164 1443 .
1179 1398 1245 1444 uon

178 1505 328 1567 «contra
355 1501 443 1567 Moe
463 1519 635 1587 recepere.
676 1500 931 1568 Lottemondua
959 1504 994 1566 et
1022 1498 1245 1590 inctructione,

180 1642 280 1690 mum
304 1624 368 1688 ian
390 1625 440 1689 sic
463 1622 516 1689 edi
545 1622 715 1708 uiderent,
748 1621 831 1688 nihil
858 1620 1079 1689 adnotarunt:
1112 1640 1154 1687 ex
1181 1640 1246 1707 qno

181 1750 320 1809 acmen
357 1744 478 1810 coniici
510 1749 645 1830 posset,
681 1743 768 1810 idem
800 1746 834 1809 in
870 1746 941 1810 suis
976 1740 1155 1810 codicibus
1187 1762 1248 1809 eoa

182 1865 405 1951 deperisse·

241 1984 397 2053 Becktus
417 1985 461 2052 ad
483 2005 512 2054 c.
526 1985 556 2052 8.

240 2111 274 2173 st
297 2153 307 2172 .
333 2151 342 2171 .
365 2152 375 2172 .
400 2125 471 2172 novo
501 2112 617 2174 exsecet
650 2109 684 2171 in
716 2108 885 2194 plerisque
916 2105 1117 2194 codicibus,
1149 2111 1248 2174 etiam

242 2231 278 2294 in
301 2225 553 2296 oxoniensibus
577 2228 647 2316 legi
668 2231 831 2311 testatur,
856 2229 1082 2295 tantummodo
1105 2226 1249 2298 Codices

240 2349 456 2416 Parisiensec
481 2353 515 2416 et
541 2350 794 2416 Iannoctianum
821 2349 947 2418 diserte
974 2351 1162 2419 haberem
1190 2353 1248 2417 at-

243 2471 367 2536 firmat

242 2589 345 2657 idem
365 2590 409 2658 ad
431 2609 461 2658 c.
477 2589 528 2656 27.
542 2591 700 2659 adnotat:

246 2713 318 2779 «Na
340 2715 453 2798 recepi
476 2706 636 2794 (seruato
650 2704 756 2802 non),
778 2714 866 2801 quod
882 2718 916 2781 et
928 2717 962 2779 in
974 2711 1080 2782 codd.
1095 2717 1249 2782 Iannoct.

246 2834 413 2900 «Lalien.
437 2838 471 2900 et
494 2838 638 2921 quatuor
659 2832 771 2902 0xon.
794 2837 900 2917 foisse
924 2835 1085 2902 uidetur.·

245 2954 344 3037 Quae
374 2959 487 3022 tamen
514 2975 651 3042 uereor,
684 2975 727 3023 nc
758 2976 801 3023 ex
832 2957 1027 3044 supradicta
1058 2954 1250 3026 Garatonii
1312 3024 1319 3036 ,

188 3079 375 3163 suspicione
396 3080 471 3142 tota
491 3078 559 3141 sint
580 3078 749 3145 contecta.

244 3237 318 3300 lam
348 3233 390 3301 de
417 3235 475 3300 iila
501 3236 658 3301 lectionis
683 3237 849 3303 uarietate
877 3238 912 3302 in
941 3237 1042 3306 hasce
1062 3239 1251 3303 sententiaa

187 3355 253 3422 Vici
278 3355 370 3422 docti
393 3353 636 3423 discesserunt:

245 3535 276 3599 1.
306 3552 339 3598 ει
362 3571 372 3590 ·
396 3578 405 3597 .
427 3580 434 3596 .
457 3552 618 3598 possessa
641 3554 764 3600 casm
786 3525 844 3616 (in
865 3553 895 3601 c.
908 3526 961 3615 8.)

245 3709 344 3775 Haec
365 3706 565 3792 emendatio,
587 3728 672 3795 quac
694 3709 825 3793 dicitnr,
846 3711 948 3801 ionga
971 3712 1109 3798 piurima
1127 3712 1252 3778 suffra-

191 3831 243 3912 gia
264 3830 352 3895 tulit.

248 3950 405 4036 Recepta
431 3967 474 4017 oc
502 3948 643 4016 detonso
671 3955 724 4017 est
751 3954 794 4017 ab
821 3951 1020 4019 Hotomano
1049 3960 1083 4020 ct
1117 3953 1252 4040 Ursino,

198 4072 242 4154 qui
264 4075 406 4159 uterque
428 4076 649 4154 spooutonem
668 4070 788 4157 socero
812 4092 873 4159 pro
894 4075 1081 4164 spondere,
1102 4079 1253 4161 promit·
