3114 5046
329 389 390 454 182
430 386 525 489 Cep.
554 389 588 463 1.
639 384 701 463 Do
725 390 813 464 iure
834 409 996 471 eouosoe
1025 385 1289 475 Quem.

160 588 307 688 ‘wg-
326 580 416 646 nolin
448 581 540 646 esset
574 580 745 662 societas,
780 579 811 644 is
841 583 955 644 coetus
1002 582 1112 644 tumen
1154 579 1199 644 ub
1233 584 1386 663 emptore

161 702 209 742 o..
325 697 513 768 ederetur?

387 823 486 888 Dicet
507 822 655 888 fortusse
676 820 810 906 uliquis,
842 822 876 885 in
903 821 1060 905 publicis,
1092 838 1178 907 quoe
1200 821 1270 888 fieri
1291 825 1388 888 sole-

323 947 416 1029 rent,
452 942 700 1009 uenditionibus
729 946 830 1027 utque
851 942 1073 1010 locationibus
1094 944 1177 1010 socii
1206 943 1387 1010 editionem

324 1085 566 1152 nonnumquam
587 1064 620 1129 id
643 1085 742 1131 unum
763 1068 1006 1150 spectassent
1027 1064 1070 1131 de
1092 1067 1201 1150 pretio
1222 1084 1280 1132 res
1301 1084 1388 1132 cuu-

324 1191 391 1254 tior
418 1191 510 1254 esset
535 1188 755 1274 reipubiiouc3
786 1188 911 1252 socium
940 1187 1043 1273 igitur
1070 1205 1132 1272 pro
1157 1188 1291 1269 praede
1320 1188 1386 1253 uii-

325 1308 457 1396 quondo
479 1313 538 1374 eut
558 1327 723 1393 spernore
744 1311 898 1375 cessisse.
951 1309 1026 1375 Hoc
1047 1326 1151 1395 uero,
1186 1326 1386 1394 quocunque

324 1434 369 1496 sit
390 1431 551 1515 ueritate,
579 1429 623 1494 od
651 1431 795 1513 speciem
826 1432 1029 1514 propositum
1055 1430 1140 1496 lucto
1162 1429 1243 1494 nihii
1264 1430 1387 1496 efferre

325 1555 449 1637 potest.
501 1548 584 1631 Quis
605 1552 690 1616 enim
711 1552 773 1617 sibi
795 1550 1026 1640 persuadebit,
1048 1550 1229 1638 Naeuium,
1251 1554 1386 1638 gretie-

325 1693 396 1738 sum
428 1691 469 1740 oc
507 1672 658 1757 diuitem,
690 1673 846 1738 nobilium
876 1673 1172 1757 opulentorumque
1203 1673 1385 1738 amicorum

325 1796 422 1879 copie
443 1793 649 1882 affluentem,
670 1793 835 1859 editurum
861 1793 965 1859 tuisse
987 1790 1195 1880 Quinotium,
1223 1792 1385 1859 efflictum

324 1917 452 2002 sibique
473 1917 645 2004 infestum,
666 1919 879 2005 rogaturum,
900 1917 938 1979 ut
960 1916 1078 2000 queuis
1098 1916 1227 2004 negotii
1241 1914 1386 2004 gerendi

326 2037 431 2103 formo
453 2037 602 2126 figuruue
625 2039 718 2121 quasi
741 2035 875 2120 praedis
905 2037 1011 2101 uicem
1033 2055 1094 2120 pro
1116 2054 1154 2101 se
1175 2037 1385 2123 susciperet,

324 2160 614 2245 permitteremus,
648 2163 709 2242 ui,
741 2176 806 2241 quo
837 2158 968 2223 cautius
1000 2156 1166 2222 uenditori
1199 2155 1243 2222 de
1276 2158 1387 2242 pretio

325 2284 433 2363 essct,
454 2280 567 2344 socius
587 2280 660 2361 ipse
681 2279 715 2341 in
737 2278 834 2343 bonis
854 2276 1002 2343 emendis
1024 2269 1208 2344 ederetur?

387 2398 477 2482 Quid
505 2418 588 2490 ergo
622 2391 703 2465 est?
748 2396 956 2480 Videndum,
984 2417 1027 2464 ne
1062 2402 1121 2464 eut
1155 2400 1189 2463 in
1220 2398 1387 2483 praediis,

326 2540 411 2609 quoe
439 2541 482 2587 ex
512 2523 652 2606 pristinu
680 2522 844 2588 societate
872 2521 1057 2586 communie
1084 2519 1237 2605 fuerunt,
1271 2522 1387 2587 subsi-

325 2637 513 2732 gnandis³²i
536 2640 681 2723 Quinctii
703 2645 867 2727 tamquam
888 2643 971 2708 socii
993 2659 1112 2708 nomen
1142 2641 1322 2724 protessus
1342 2643 1386 2706 sit

325 2766 489 2850 Naeuius,
510 2767 568 2830 out
589 2764 674 2830 elias
687 2763 771 2829 dicis
792 2781 912 2829 cousso
929 2761 1083 2842 Quinctii
1098 2767 1249 2852 eoetipue
1263 2781 1386 2829 nomen

324 2885 367 2952 od
390 2887 523 2952 tubulos
544 2886 694 2971 publicos
716 2884 882 2950 detulerit.
925 2881 1011 2964 Quid
1039 2876 1171 2949 multo?
1211 2883 1386 2950 Eiusmodi

324 3006 447 3092 aliquid
479 3010 537 3071 out
566 3008 698 3091 publico
725 3007 852 3070 illorum
874 3004 1099 3069 uenditionem
1122 3007 1193 3069 iure
1215 3008 1276 3070 eut
1298 3007 1387 3071 inter

324 3124 483 3196 Sullanos
497 3133 589 3194 certe
605 3127 868 3211 proscriptiones
883 3143 1060 3211 eorumque
1074 3131 1259 3210 temporum
1276 3128 1385 3193 licen-

325 3250 403 3313 tium
438 3267 479 3315 uc
508 3250 789 3333 perturbationem
819 3266 882 3313 usu
914 3250 1029 3313 uenire
1061 3249 1234 3332 potuisse,
1276 3267 1386 3334 neque

324 3370 423 3434 uilem
452 3370 485 3432 in
515 3387 555 3433 eo
581 3388 619 3433 re
647 3367 794 3450 Quinctii
815 3386 934 3433 nouum
956 3370 1153 3434 societatem
1175 3372 1387 3437 contractam

358 3691 407 3756 32)
423 3695 464 3745 iio
481 3695 619 3745 communi
641 3695 700 3744 eius
724 3695 764 3745 rei
782 3707 823 3744 rr·
878 3695 930 3744 tero·
947 3693 1098 3745 Annalibus
1122 3695 1202 3746 Tom.
1223 3696 1256 3747 V.
1277 3712 1307 3762 p.
1324 3697 1384 3749 805.

323 3784 412 3844 tione,
440 3785 474 3834 ud
497 3796 580 3847 quum
607 3784 635 3832 in
661 3783 715 3833 aiio
741 3782 823 3832 Seme
879 3796 905 3846 p.
925 3783 987 3833 bit.
1007 3782 1100 3847 seqq.)
1135 3783 1211 3835 Cano
1227 3787 1387 3838 tamenboo

322 3873 420 3922 unum
441 3877 594 3922 nostrorum
618 3871 689 3921 iibro
712 3873 822 3935 propius
878 3871 938 3921 ioco
962 3885 999 3921 ue
1026 3885 1123 3935 parum
1147 3873 1309 3925 consideres
1327 3875 1388 3926 Sui·

323 3960 537 4022 adgrediendum
566 3961 632 4020 orit,
662 3960 743 4009 adeas
771 3961 822 4009 itu·
877 3959 1003 4008 iuuarum
1036 3961 1267 4025 proscriptionum
1293 3965 1388 4015 uendi·

324 4047 448 4112 dorsfium
474 4048 507 4096 do
535 4048 588 4111 iope
616 4049 715 4096 iberia
745 4047 824 4111 (zeit-
878 4048 1038 4111 iionumque
1058 4050 1286 4114 trepidationem,
1311 4054 1388 4104 deni-

325 4135 456 4188 sobrini.
475 4135 566 4198 gescb.
587 4136 820 4188 ii.W.Tom.x.
879 4149 932 4199 que
952 4138 1075 4188 omnium
1098 4152 1202 4200 rerum,
1230 4148 1389 4206 quaetione

326 4242 352 4291 p.
373 4227 447 4282 12³.)
471 4230 498 4277 ot
515 4222 674 4275 auduom
692 4223 732 4288 (in
749 4224 823 4276 uou-
878 4224 943 4286 init,
968 4228 1210 4290 perturbationem.
