3114 5046
100 330 140 408 s.
169 319 210 393 9.
254 313 436 417 Defensio
453 318 495 388 in
511 323 644 415 portes
660 317 832 415 iocosque
849 312 1008 415 dipesto.
1055 314 1115 378 189

52 512 85 573 et
107 507 332 593 postulauerit
359 523 380 571 o
409 503 572 570 Prueiore
601 509 636 571 ei
667 506 913 589 impeiruuerit,
939 508 1050 569 tomen
1072 522 1115 568 ex
1148 510 1274 551 sonmo.

54 629 143 693 tucio
166 647 234 726 non
257 630 304 693 its
326 626 520 712 possedisse
543 626 648 711 bonu,
670 630 707 691 ut
729 625 772 691 de
792 627 975 710 sponsione
995 627 1115 690 ooniru

53 747 242 831 Quinotium
264 747 403 814 iudicari
424 749 476 813 ius
498 752 600 813 esset.

112 908 295 973 Enimuero
317 909 362 973 sit
383 907 531 972 nomuiio
554 906 653 972 'iuliii
674 925 755 972 uero
771 897 869 992 [quis
890 907 975 971 enim
997 925 1114 992 quem-

54 1027 227 1094 admodum
255 1046 312 1093 res
343 1032 445 1118 gestu
477 1029 521 1093 sit
554 1026 763 1092 diuinuiurus
796 1019 917 1108 est‘iJ:
957 1027 1000 1094 de
1034 1031 1114 1093 iuris

53 1153 207 1237 ratione,
227 1169 292 1236 quo
314 1149 531 1214 fundamento
555 1151 661 1213 oratio
681 1151 799 1235 utitur,
822 1166 1025 1238 magnopere
1048 1147 1113 1212 du-

53 1273 130 1337 bito.
174 1272 252 1338 Non
274 1291 314 1336 eo
336 1271 412 1337 dieo
428 1290 492 1358 quo
515 1272 558 1336 ob
580 1245 694 1354 inepto
717 1271 816 1354 plone
835 1270 998 1356 principio
1021 1272 1114 1335 oriu-

55 1397 120 1478 iur,
141 1393 205 1459 sed
228 1395 275 1458 itu
297 1392 447 1478 equidem
470 1393 601 1475 sentio,
623 1390 657 1455 id
679 1388 767 1476 quod
788 1396 909 1457 nuiuru
922 1410 985 1457 suo
1000 1411 1115 1459 uerum

56 1519 124 1598 esi,
153 1517 279 1604 exiguo
302 1514 476 1578 uerborum
503 1517 667 1579 momento
692 1515 725 1577 in
747 1531 884 1597 prauum
905 1512 1114 1598 detorqueri,

58 1635 173 1702 deinde
196 1634 427 1701 roiioeinundo
442 1634 485 1700 ud
501 1639 651 1700 extremo
666 1634 814 1720 perduoi,
836 1654 976 1702 caussae
991 1646 1114 1702 neees-

59 1760 143 1823 siiuii
166 1776 264 1844 quom
284 1758 334 1822 rei
356 1757 489 1822 ueriiuii
511 1758 653 1842 upiioru.

114 1916 249 1981 Etenim
271 1912 360 2000 quod
390 1916 545 2001 principii
572 1915 649 1982 loeo
671 1915 743 1981 iere
765 1917 917 2000 ponitur,
956 1917 1113 1982 honorum

64 2038 301 2120 possessionem
323 2055 390 2101 nou
413 2036 446 2100 in
468 2037 579 2116 aliquo
597 2041 695 2121 purte
713 2035 773 2102 sed
789 2039 821 2100 in
837 2039 1003 2102 uniuersis
1017 2038 1114 2102 bonis

65 2161 221 2243 spectari,
255 2176 365 2222 nonne
399 2161 603 2222 uerissimum
634 2150 714 2223 esti
756 2158 842 2224 Mihi
865 2158 993 2243 quidem
1015 2159 1114 2224 uide-

66 2283 121 2344 iur:
142 2285 179 2345 ut
202 2280 305 2369 longe
327 2278 426 2343 uliier
447 2283 549 2364 sique
571 2286 686 2344 orotor
707 2284 823 2345 noster
845 2283 1058 2365 interpretor.

115 2436 250 2524 Quippe
277 2439 374 2503 ulium
399 2437 545 2502 urbiiror
565 2443 808 2504 oirioiersorum
829 2439 996 2504 dooromm
1016 2441 1113 2506 ulium

66 2559 271 2646 ditmannum
290 2578 408 2625 rerum
430 2559 673 2643 possessionem
697 2577 789 2641 esse,
812 2578 921 2644 neque
942 2563 1036 2626 recte
1051 2579 1113 2646 per

67 2685 160 2747 omnio
191 2682 329 2765 sequuti
358 2684 416 2770 qui
450 2679 541 2746 dona
571 2680 767 2767 possederit
797 2685 831 2746 et
867 2685 925 2771 spii
956 2682 1113 2768 neopoleos

67 2821 169 2868 oneres
200 2821 275 2885 res,
305 2819 393 2891 puae
420 2820 539 2867 eorum
561 2800 727 2868 bononem
748 2809 879 2888 essent,
906 2804 1111 2890 possederit.

67 2919 113 2987 Coi
133 2926 396 2989 consentaneum
418 2940 495 2988 esse
518 2927 615 3009 puio,
648 2924 681 2988 in
708 2924 867 2988 bonorum
898 2927 1113 3009 possessione

67 3062 119 3109 non
140 3045 296 3134 singulus
316 3062 387 3124 res,
425 3043 661 3128 possideantur
684 3062 812 3130 neone,
848 3044 907 3110 sed
929 3050 1030 3132 quasi
1049 3065 1113 3132 per

66 3170 323 3231 ioiiooersitutem
344 3166 431 3230 bons
449 3166 761 3250 possessionemque
775 3168 922 3250 spectari
945 3170 1113 3251 oportere,

68 3301 94 3350 ue
113 3291 297 3372 propterea
325 3289 412 3351 sutis
436 3285 479 3352 ud
508 3288 698 3370 sponsionis
720 3304 870 3353 caussam
892 3286 997 3354 uideri
1018 3288 1113 3354 Noe·

68 3408 138 3473 nium
161 3406 376 3492 possedisse,
398 3408 428 3471 si
448 3405 546 3472 modo
568 3409 616 3471 itu
637 3405 782 3489 Quinctii
804 3410 891 3474 bonu
913 3408 1114 3496 possederit,

70 3532 94 3590 ui
111 3531 342 3594 uniuersorum
364 3529 523 3594 bonorum
556 3528 715 3596 modicum
744 3529 906 3615 quandum
929 3532 1113 3597 custodium

10 3706 15 3713 .
72 3664 214 3717 exercere
235 3653 354 3736 posset
364 3643 412 3729 ⁴⁶).

10 3788 14 3857 ξ
118 3772 199 3838 Eum
221 3791 303 3837 uero
326 3790 394 3836 rem
416 3772 450 3835 in
472 3774 542 3837 iure
563 3773 757 3860 iudiciisque
771 3772 993 3838 Romanorum
1015 3774 1114 3839 istis-

10 3948 21 3979 ,
78 3891 138 3957 i'uie
164 3897 314 3979 putuisse
342 3895 503 3983 arbitror,
540 3899 575 3960 et
602 3897 704 3984 longe
726 3895 868 3978 afuisse,
904 3899 942 3959 ui
970 3897 1114 3980 quinon

10 4128 18 4225 ᾗ
106 4149 142 4211 ti}
160 4153 223 4204 Vide
241 4168 323 4218 supru
345 4151 374 4215 ὓ.
396 4153 421 4203 3.
443 4168 468 4216 p.
489 4155 532 4203 71.
