3114 5046
337 388 401 451 360
433 384 529 485 cop.
557 387 592 460 1.
646 382 707 459 De
733 388 819 459 iure
845 407 1006 458 curtooee
1034 379 1283 459 dormiana«

171 593 304 692 ”wip
337 591 478 673 contro,
512 587 541 649 si
576 603 643 649 nou
674 584 865 669 possideat,
901 582 1136 648 hereditatem
1167 585 1262 667 prim

338 705 462 772 debere
473 699 528 792 18);
550 708 600 773 sic
623 725 818 792 persuasum
842 705 919 770 mitti
942 710 1015 786 est,
1036 704 1255 790 etttpuittrem
1275 724 1283 768 t

337 846 423 908 rem,
445 827 487 894 de
510 847 596 913 qua,
625 829 806 893 communis
827 830 872 891 sit
894 847 937 892 on
959 828 1100 892 atterius
1122 827 1278 911 proprio,

336 953 449 1039 gitur,
482 955 548 1015 tom
579 952 613 1014 in
639 948 802 1034 sommae
832 947 1084 1014 herciscundae
1116 967 1212 1032 quom
1242 950 1279 1012 iu

336 1075 434 1137 murti
463 1071 655 1138 diuidundo
687 1070 841 1136 iudicium
873 1072 1004 1153 uenire,
1050 1067 1225 1134 dummodo
1260 1069 1283 1134 it

336 1190 572 1258 hereditoriam
602 1193 712 1257 eitoue
741 1194 872 1256 ratione
895 1209 1097 1257 communem
1120 1209 1197 1255 esse
1219 1207 1283 1256 con

339 1319 468 1398 portem
490 1332 584 1380 suem
608 1313 797 1398 possideot3
831 1333 928 1398 quum
952 1332 1018 1376 non
1048 1311 1219 1397 possidet,
1252 1314 1283 1377 iu

338 1455 422 1502 urum
439 1454 505 1500 non
522 1437 656 1517 uenire,
671 1434 731 1500 scd
746 1440 784 1501 tu
800 1453 873 1499 rem
889 1439 1028 1499 actione
1045 1437 1136 1519 prius
1151 1435 1221 1517 peti
1237 1452 1282 1518 op

400 1556 504 1623 euius
525 1556 734 1622 diuersiioiis
756 1559 888 1621 iumeisi
913 1560 945 1620 iu
969 1553 1033 1621 hoc
1055 1558 1126 1619 iuro
1148 1573 1256 1639 oeque
1279 1581 1283 1616 t

336 1681 508 1744 auctorem
537 1680 639 1763 utque
668 1679 701 1742 in
735 1679 790 1742 iiie
814 1677 1012 1742 hereditatis
1034 1677 1267 1743 controuersia

336 1801 449 1864 extitit
460 1792 518 1883 ⁴⁹),
552 1799 674 1864 nulium
698 1799 874 1882 hebemus,
908 1798 1041 1863 uidetur
1070 1803 1180 1863 tumen
1210 1817 1283 1863 omu

337 1922 454 1986 bituito
477 1922 549 1987 tolii
579 1923 698 2005 purtim
722 1920 837 1986 eodem
861 1923 992 1985 ruiioue
1014 1920 1196 2004 iisdemque
1220 1938 1283 2009 urg

337 2045 398 2126 tis,
431 2060 517 2128 quoe
545 2061 648 2124 supro
677 2045 891 2125 exposuimus
902 2039 962 2124 ⁵⁰),
993 2045 1112 2127 purtim
1141 2043 1283 2107 instiutor

336 2167 491 2249 utrinque
513 2167 781 2230 concurrentium
804 2163 1018 2229 similitudine
1030 2158 1085 2250 61),
1110 2165 1229 2247 purtim
1253 2181 1283 2248 pt

336 2287 427 2351 ribus
461 2284 656 2370 quibusdum
688 2287 858 2373 uestigiis,
900 2304 985 2370 quoe
1018 2287 1050 2349 in
1086 2287 1283 2351 Iurisconsu

335 2407 429 2472 tibris
450 2409 665 2472 inueniuntur
678 2401 725 2485 62).

369 2635 414 2703 tu)
433 2637 637 2703 vicosuprop.
651 2640 677 2689 1.
692 2653 719 2702 p.
734 2641 796 2690 887.

368 2724 412 2792 tit)
432 2728 500 2781 vioe
513 2741 593 2790 supro
610 2726 639 2791 ὅ.
654 2730 680 2776 1.
696 2742 723 2790 p.
737 2728 800 2778 289.

368 2815 413 2882 50)
432 2817 569 2878 Profecto,
592 2824 621 2867 ut
639 2821 666 2867 iu
683 2830 735 2867 uuo
753 2820 839 2868 consi·

334 2914 417 2969 rtem,
436 2908 507 2958 houd
526 2909 607 2970 mugio
620 2910 764 2969 potestqut
780 2921 838 2968 pos·

333 2996 404 3046 ridet
418 2999 445 3046 tn
463 3009 519 3047 rem
538 3008 616 3058 egere
636 3008 715 3058 quom
733 2995 838 3046 heredi·

334 3090 414 3135 tutem
438 3091 547 3146 petere.
573 3097 623 3135 uec
645 3083 724 3135 debet
749 3091 837 3134 tomen

334 3177 438 3225 notione
462 3185 569 3233 curere,
608 3185 661 3235 que
684 3176 837 3223 commuuio

333 3264 481 3312 dirimetur.
526 3260 596 3311 Vide
619 3261 677 3311 ioco
700 3274 780 3322 supro
801 3261 837 3311 ei·

333 3351 383 3402 tete
396 3365 423 3414 p.
438 3349 499 3398 290.
513 3354 569 3399 not.
583 3348 628 3398 ut.

366 3433 410 3501 51)
430 3437 608 3488 Conseruntur
628 3449 697 3499 queo
717 3439 743 3486 in
763 3438 789 3486 (1.
804 3439 834 3490 L.

333 3528 358 3583 1.
369 3524 399 3589 §-
408 3527 435 3577 1.
449 3526 522 3574 Fam.
535 3526 646 3575 herclsc.
669 3521 762 3588 (uerbo
773 3527 835 3577 uide

331 3626 411 3675 supro
424 3627 451 3675 p.
465 3611 539 3676 888.)
560 3613 593 3664 de
611 3616 765 3674 exceptione
784 3620 835 3662 tro-

331 3703 450 3765 duutur,
470 3714 531 3752 cum
544 3703 574 3751 L.
590 3703 633 3751 18.
650 3702 688 3753 iio
702 3705 834 3763 exceptio-

331 3791 417 3846 uibus.
433 3789 597 3855 (Africanus)
614 3791 738 3850 «Fundi,
754 3804 833 3854 quem

332 3887 382 3931 otu
406 3882 543 3942 proprium
566 3886 642 3930 tuum
671 3892 727 3931 esse
755 3879 831 3937 dicis,

330 3986 343 4014 u
353 3975 453 4032 portem
468 3982 483 4018 u
498 3975 523 4021 tc
538 3976 615 4031 peto,
637 3977 663 4020 ei
676 3969 738 4018 uoto
754 3968 832 4018 simui

330 4058 450 4109 «iudicio
472 4071 581 4120 quoque
603 4061 736 4108 communi
762 4057 829 4107 diui·

331 4147 448 4198 «duodo
461 4159 538 4208 egere
553 4145 602 4195 sub
622 4147 715 4197 eodem
730 4147 828 4197 iudice.

324 4236 419 4288 «item
440 4238 461 4285 ei
485 4237 544 4284 etue
566 4234 658 4293 tundi,
691 4248 771 4297 quem
801 4242 830 4284 tu

897 2656 911 2685 u
921 2641 1073 2702 possideas,
1094 2647 1121 2690 et
1137 2653 1185 2703 ego
1199 2653 1284 2703 propr

898 2745 964 2780 oum
981 2743 1039 2780 esse
1060 2729 1166 2787 dicem,
1194 2729 1283 2780 tructu

896 2835 909 2862 «
919 2833 978 2871 cere
993 2818 1039 2868 tibi
1057 2820 1156 2868 uelim:
1179 2820 1283 2880 quaesit

896 2922 951 2958 oon
976 2910 1095 2968 exceptio
1116 2907 1192 2972 Quod
1202 2911 1283 2970 praei

896 3010 909 3039 α
917 2998 1000 3060 [uodo
1014 2998 1124 3058 portiue
1136 2998 1191 3045 etur
1205 2998 1283 3060 nont

895 3100 908 3128 o
918 3091 984 3143 stet,
996 3099 1028 3135 uu
1043 3084 1200 3147 deneganda
1214 3087 1259 3134 eii.

895 3173 997 3236 «bique
1017 3180 1093 3234 putet
1112 3177 1282 3226 interuenire

895 3276 973 3312 «rem
993 3262 1091 3312 debere
1109 3274 1159 3312 nec
1179 3265 1283 3323 permiti

894 3354 1004 3410 utitori,
1022 3353 1178 3413 priusquam
1192 3351 1225 3402 de
1239 3362 1283 3412 pcc

895 3446 1038 3497 «constet,
1060 3439 1214 3489 huiusmodi
1231 3441 1281 3492 iud

893 3544 907 3573 «
917 3532 1006 3591 periri.
1016 3544 1030 3573 o
1052 3528 1128 3578 Coni.
1141 3529 1172 3577 L.
1185 3528 1231 3578 18.
1245 3544 1283 3581 eo

892 3617 1013 3666 omuibus
1043 3617 1114 3667 hisce
1141 3618 1205 3668 iocis
1236 3621 1283 3670 eod

891 3709 1031 3767 exceptio,
1069 3719 1100 3755 ec
1121 3708 1273 3767 possidenti

891 3794 1023 3844 tribuitur.
1062 3794 1092 3842 ln
1120 3794 1209 3845 iocum
1234 3799 1281 3848 eiu

891 3883 969 3944 piune
985 3885 1086 3932 ratione
1099 3883 1221 3933 succedit
1232 3896 1283 3936 exc

887 3973 1025 4020 iudicatae
1040 3974 1066 4020 iu
1086 3972 1116 4019 L.
1132 3971 1158 4019 8.
1176 3971 1216 4023 Dc
1230 3986 1283 4024 exc,

922 4058 966 4122 52)
980 4059 1169 4123 Praeterquam
1180 4063 1255 4124 quod
1268 4065 1283 4113 11

889 4147 959 4197 dioto
979 4150 1009 4198 L.
1027 4150 1071 4199 85.
1092 4146 1122 4211 8.
1135 4150 1161 4199 ’1.
1187 4150 1264 4201 Fam.

888 4237 1010 4288 consutio
1031 4238 1144 4288 Pontius
1163 4240 1278 4290 uidetur
