3114 5046
423 315 465 385 irs
490 315 663 387 oratione
686 338 760 414 pro
789 311 978 402 Quinctio.
1178 318 1242 383 2⁸⁷

297 500 418 567 tuisse:
442 493 634 588 quieuirse]
659 504 765 570 fuisse
786 509 823 570 et
845 504 1030 590 quieuisse:
1051 503 1114 572 Pic
1258 469 1329 580 ,⁰2⁸5
1340 469 1408 572 ἢν.

171 611 206 698 S·
220 617 271 682 9⁰·
294 614 493 712 cognostis]
515 631 710 713 coortosetsr
733 626 774 692 B.
796 624 867 692 Pm.
887 617 965 707 (bic
988 630 1114 712 puncto
1137 647 1241 714 prse-
1264 703 1265 706 Ἴ

337 737 516 828 cedente).

298 886 417 934 seruos
437 859 614 952 priuatos]
635 887 756 935 seruos
775 888 858 937 suos
878 870 1052 955 priuatos:
1074 868 1136 937 Po.
1301 905 1328 916 -
1373 882 1408 928 ⁴¹-

296 1008 363 1055 non
386 982 525 1073 omnes]
548 1009 686 1058 omrses:
711 988 847 1059 Omnes.
859 983 910 1071 161)
1021 991 1026 1005 '

296 1115 425 1180 eiectos
445 1103 544 1194 esse]
566 1117 715 1181 eiectos:
736 1111 800 1178 Pk.
822 1141 864 1154 -
886 1112 1014 1180 electos
1036 1131 1126 1181 esse:
1148 1113 1212 1182 Pd.

296 1252 384 1301 nune
406 1226 534 1324 cgere]
556 1253 661 1323 acere
681 1253 795 1302 riores:
818 1234 888 1301 Pm.
1255 1253 1321 1308 ser.
1335 1271 1356 1300 v.
1384 1256 1406 1301 s

294 1355 408 1422 fecere
429 1346 561 1439 possit]
580 1355 724 1442 faeere:
746 1354 799 1423 Pl.
1299 1399 1322 1410 -
1385 1378 1406 1424 ι

617 1514 700 1600 Cup.
722 1511 785 1581 30.

198 1619 274 1705 §.bt
293 1626 447 1718 uidetur]
469 1637 667 1704 cudetur:
690 1636 742 1704 Pl.
763 1658 804 1703 nt.
1300 1680 1327 1691 -
1384 1660 1406 1704 s.

297 1759 330 1822 in
350 1760 491 1826 consitio
512 1749 615 1842 sunt]
636 1758 738 1826 Nullo
758 1759 917 1826 uarietas.
925 1755 981 1837 ¹⁶²)

297 1880 450 1948 obsecret
464 1871 743 1967 obtesteturque]
765 1881 964 1948 obsecraret
979 1883 1237 1950 obtestaretur·
1301 1926 1327 1935 -

335 2022 419 2094 que:
441 2001 512 2070 Pus.
533 2031 575 2047 -
607 2002 766 2069 obsecrer
787 2002 1026 2094 obtestorque:
1040 1979 1042 1982 ,
1055 2002 1124 2091 Pb,
1145 2023 1174 2073 c.
1195 2036 1237 2049 -

333 2125 375 2192 ln
396 2123 452 2190 Pr.
474 2125 626 2216 uulgaris
645 2124 749 2191 lectio
770 2125 806 2190 in
826 2125 939 2191 lituro.

296 2264 355 2332 per
377 2250 586 2313 senectutem
607 2264 648 2314 sc
669 2235 754 2327 soi]
790 2246 839 2312 ad
859 2250 1070 2314 senectutem
1090 2266 1131 2314 cc
1158 2250 1234 2316 soi:

332 2366 401 2449 Pb,
422 2385 461 2455 c,
481 2389 524 2458 g,
547 2367 586 2459 h,
608 2371 636 2454 i,
659 2359 772 2450 nsstie
793 2368 843 2434 od
863 2358 958 2449 soi).
983 2400 1026 2412 -
1062 2389 1106 2436 oc
1132 2388 1236 2437 sene-

333 2493 459 2558 ctutem
477 2509 518 2557 sc
536 2492 617 2556 sot:
638 2488 709 2577 Pd,
730 2488 754 2555 f.
786 2519 827 2531 -
864 2507 927 2575 per
948 2507 987 2557 se
1008 2509 1053 2557 oe
1073 2494 1236 2561 senectu-

335 2615 402 2678 tem
423 2617 458 2679 et
480 2614 558 2678 soi:
580 2611 649 2700 Pe,
669 2610 710 2696 k,
731 2630 772 2676 m.

295 2737 420 2801 uetitos
440 2753 514 2803 cum
535 2724 624 2816 boe]
645 2737 781 2799 uerttos
802 2731 887 2799 boc:
910 2731 978 2822 Pd,
1001 2750 1037 2821 e,
1058 2731 1140 2798 lc—
1169 2752 1235 2801 os·
1297 2755 1324 2765 ·
1383 2733 1403 2777 ⁹·

335 2848 1238 2945 rttasbaec:Pu‚b,e,f‚g,h,t‚i,m,n[1n

334 2978 384 3045 Pa
403 2977 493 3064 fecit
513 2996 575 3058 pro
595 2976 723 3064 faciut.

199 3080 271 3167 §.rt
288 3091 390 3180 unte]
411 3103 530 3166 sntee:
551 3097 615 3165 Pk.
1296 3138 1324 3151 -
1369 3115 1403 3160 rr.

293 3211 537 3303 contenderet]
559 3220 846 3288 corttersdsretcr:
869 3219 920 3286 ΡΙ.
1296 3262 1324 3272 -
1367 3238 1402 3284 12

295 3364 359 3410 nos
379 3346 530 3410 nostrum
552 3389 561 3407 .
583 3388 593 3407 .
613 3387 623 3407 .
644 3331 867 3423 decerneret]
900 3342 1033 3409 Desunt
1054 3346 1089 3410 ln
1109 3342 1175 3430 Pe,
1197 3344 1234 3433 b,
1295 3359 1400 3406 -rnrs

333 3462 766 3555 c,d,i,g,h‚i,l‚n.

294 3574 547 3667 statuebemus]
567 3589 825 3653 statueremus:
848 3577 912 3650 Pk.

228 3817 281 3884 itt)
300 3819 378 3872 Coni.
398 3817 525 3871 Baebium
543 3823 571 3868 et
587 3832 669 3881 supro
726 3832 810 3884 quum
830 3819 931 3869 coeteri
954 3818 1124 3885 omisissent,
1155 3821 1233 3874 Codi-

193 3895 238 3964 Cib.
253 3911 277 3959 i.
295 3905 325 3972 5.
344 3910 371 3961 o.
386 3924 414 3974 p.
431 3907 492 3960 198.
508 3911 565 3958 not.
579 3907 668 3959 bib-
726 3920 772 3957 ces
803 3908 909 3968 nostri,
951 3909 1005 3959 nisi
1034 3910 1104 3962 mire
1133 3909 1230 3974 failor,

193 3982 262 4046 Pullo
280 4002 377 4059 tutos,
409 4010 450 4050 rs.
471 4010 526 4047 uer
544 3996 592 4046 boc
609 3997 669 4059 ipso
725 4008 822 4048 omnes
840 3997 998 4049 concinunt.

193 4077 266 4146 tritus,
285 4088 331 4137 ubi
349 4087 433 4150 longo
451 4084 598 4138 interuallo
616 4085 669 4149 pri·
760 4081 822 4150 162)
841 4085 919 4138 conr.
939 4086 1029 4138 Brettii
1040 4092 1067 4138 et
1081 4087 1231 4139 Orsiir'iuo-

195 4175 235 4219 tun
258 4177 369 4226 Oretiius
395 4177 511 4226 restituit
533 4190 586 4226 rm.
606 4174 668 4236 boc,
726 4179 766 4224 trs
786 4180 812 4225 et
831 4189 912 4239 supra
931 4177 965 4226 sd
984 4190 1010 4227 c.
1031 4179 1056 4227 i.
1078 4192 1103 4239 p.
1123 4177 1183 4227 tob.
