3114 5046
325 379 386 442 ¹⁰4
438 374 533 477 Gap.
552 375 587 450 1.
638 374 700 450 Do
724 379 809 450 iore
834 398 996 450 caussae
1023 372 1288 462 Quinetiam

241 578 268 586 ·’
385 566 468 632 Pius
489 565 582 651 dieo,
618 567 653 630 in
682 567 754 650 ipso
784 566 857 630 eius
884 566 1008 649 cupitis
1028 568 1146 631 tenore
1168 563 1289 630 uideor
1309 561 1387 629 mihi

323 690 493 771 inuenire,
523 686 612 752 unde
641 688 828 753 luculenter
852 691 1033 774 appareat,
1065 687 1279 754 considerate
1300 704 1388 753 con-

322 811 478 895 sultoque
500 807 588 896 fieri,
610 810 646 872 ut
660 813 834 894 possessio
847 829 892 875 oc
903 813 1114 897 proscriptio
1127 807 1389 895 demonstretur,

320 934 478 1000 ocimum
500 932 636 1018 penitus
657 931 839 996 omittatur.

385 1051 473 1136 Quid
503 1046 625 1120 enim‘i
661 1051 749 1138 quod
781 1053 949 1137 excipitur
982 1056 1042 1140 aa
1071 1050 1225 1139 prspiitas
1258 1049 1388 1139 fioerit,

322 1179 418 1243 rcioe
440 1176 601 1263 publicae
627 1194 754 1242 caussa
781 1171 954 1262 abfiaerit,
978 1192 1088 1264 tremas
1111 1173 1189 1239 doio
1212 1172 1309 1239 mato
1329 1168 1390 1256 fc·

323 1302 411 1363 cerii
436 1316 501 1386 orco
525 1301 638 1382 mauis
663 1295 875 1382 reipublicae
907 1314 1034 1362 catoso
1069 1295 1208 1362 abesset
1219 1313 1233 1380 3
1275 1311 1390 1360 nonne

323 1418 509 1484 certissimo
532 1421 730 1506 argumento
752 1420 822 1504 est,
843 1415 886 1483 de
906 1419 980 1502 ipso
998 1421 1217 1504 possessione
1236 1435 1282 1482 ae
1301 1434 1390 1503 pro-

322 1543 512 1626 scriptione
536 1539 625 1628 legis
645 1539 784 1604 lotorem
804 1558 872 1604 non
894 1539 1009 1605 dicere
1026 1539 1131 1603 solum
1151 1556 1268 1602 uerum
1289 1538 1390 1603 etism

323 1655 483 1726 seutire?
516 1657 649 1745 Quippe
681 1662 712 1726 si
743 1659 786 1725 de
813 1660 973 1726 bonorum
1002 1658 1195 1725 conditione
1225 1660 1390 1746 sentiret,

324 1781 402 1866 quid
438 1781 575 1847 attinuit
605 1781 682 1847 ilios
717 1798 881 1865 personas
912 1782 1090 1866 excipere,
1126 1798 1267 1866 quorum
1300 1781 1391 1847 bono

324 1901 502 1987 uiiquundo
522 1903 695 1991 possideri
716 1901 864 1989 quidem,
894 1908 930 1969 ut
956 1921 1131 1989 numquam
1155 1901 1391 1971 aestiuare

325 2025 492 2108 explorati
512 2025 595 2090 iuris
615 2016 706 2090 tuiti
718 2016 755 2101 ¹⁵)

389 2197 517 2281 Quibus
544 2203 732 2286 perspectis
756 2201 928 2289 sequitur,
960 2204 998 2267 ut
1023 2220 1175 2269 coussom
1195 2200 1288 2268 hanc
1309 2221 1392 2268 oru-

327 2321 515 2406 tiouemque
536 2318 767 2403 Quinctiorum
788 2323 949 2387 intentius
970 2324 1192 2411 excutiamus,
1219 2341 1297 2388 nom
1319 2342 1392 2390 eam

329 2461 459 2528 quoque
480 2443 523 2508 ub
545 2442 659 2508 eudem
682 2445 778 2528 purte
806 2445 907 2528 utque
936 2444 1044 2532 legem
1073 2445 1190 2509 Iuiiem
1220 2444 1392 2531 praesidio

328 2565 458 2649 uocari,
479 2583 582 2647 supra
603 2564 742 2629 relatum
765 2566 828 2630 est.

392 2743 462 2806 Iam
491 2759 552 2824 per
579 2745 682 2805 totum
712 2743 894 2808 orationem
907 2736 942 2821 ¹⁶)
979 2742 1108 2809 Tullius
1143 2763 1210 2808 non
1247 2745 1394 2811 affirmat

329 2864 455 2947 sotum,
496 2862 556 2928 sed
591 2862 877 2929 uehementissime
913 2866 1012 2930 etiam
1048 2866 1288 2951 conqueritur,
1334 2885 1394 2953 per

330 2987 417 3050 iilam
444 2986 676 3069 sponsionem,
711 2982 753 3048 de
780 3002 846 3069 quo
871 2984 1024 3051 iudicium
1052 2991 1122 3070 est,
1157 3005 1200 3052 ex
1223 3005 1262 3052 re
1285 3006 1395 3073 pecu·

330 3107 437 3171 nitria
456 3107 577 3187 capitis
597 3123 748 3170 muscam
770 3123 846 3170 esse
867 3105 1036 3193 effectam,
1064 3124 1259 3193 omnemque
1282 3107 1395 3191 Quin-

332 3228 388 3293 ctii
410 3228 466 3316 ogi
488 3227 608 3291 tomam
629 3229 730 3308 atque
752 3226 1038 3293 existimationem

396 3345 521 3415 Omitto
543 3349 692 3428 caetero,
723 3347 815 3411 ueiut
837 3347 1083 3415 ademarium
1103 3369 1229 3436 cupere
1253 3350 1397 3438 scefarie

336 3468 534 3549 maeotium
561 3465 777 3553 traerfieere,
810 3471 924 3535 uuam
954 3475 991 3535 et
1021 3477 1229 3557 sanquinem
1257 3478 1398 3560 cripere

369 3772 414 3838 15)
433 3773 464 3824 l..
482 3774 509 3824 s.
528 3769 558 3836 S.
576 3773 602 3822 1.
622 3771 701 3835 Quib.
720 3785 753 3822 ex
770 3784 832 3822 esu.
890 3773 982 3824 «maio
993 3772 1099 3837 abfuit:
1117 3775 1309 3843 inteiligimum
1324 3782 1396 3839 eius.

337 3863 365 3911 iu
383 3875 427 3924 po.
441 3873 466 3910 o.
486 3856 617 3923 (Paullum)
635 3859 723 3911 «Cum
735 3860 834 3909 dicitur
889 3863 955 3925 «qui
975 3863 1039 3913 doio
1056 3864 1129 3915 meio
1147 3864 1283 3930 notuerit,
1315 3884 1399 3935 posse

337 3949 394 3998 «Et
420 3949 476 3998 stas
504 3949 581 3997 cotos
613 3947 684 3997 tono
710 3959 833 4009 possessa
890 3951 1035 4001 «uenirem
1063 3977 1091 3989 -
1120 3952 1199 4004 Coni-
1224 3955 1256 4007 1..
1276 3956 1324 4009 ³5.
1358 3959 1399 4009 oo

339 4040 425 4085 nsunt
446 4049 465 4084 a
488 4034 679 4089 aemorum,
706 4040 831 4090 aenoant,
890 4039 953 4089 bon.
973 4045 1076 4091 tucior.
1098 4042 1154 4092 iud.
1175 4057 1221 4106 po.

340 4127 547 4187 «praeterquam
555 4123 654 4183 popilii
665 4127 689 4173 ot
704 4124 775 4184 siut,
786 4125 834 4187 qui
924 4124 968 4189 io)
989 4124 1067 4178 Cous.
1082 4143 1107 4179 o.
1120 4129 1146 4178 2.
1161 4130 1188 4180 6-
1202 4131 1229 4181 8.
1244 4134 1271 4183 9.
1288 4135 1332 4186 io.
1353 4136 1396 4186 is.

340 4210 521 4273 «reipublicae
552 4223 649 4260 caussa
681 4211 737 4260 sios
772 4211 833 4261 doio
889 4214 1122 4267 15.1o.22.oe.
1143 4217 1187 4267 31.
