3114 5046
60 304 94 382 s.
111 294 149 363 7.
176 290 239 366 Δ·.
259 289 327 379 θ’.
346 292 536 366 Maeniam
551 300 655 368 recte
671 290 882 392 desudarit
899 316 1024 369 uxos.
1060 295 1120 359 ¹³⁵

58 485 143 547 istae
166 482 343 547 uerborum
365 482 560 567 illecebrae,
597 483 715 567 quibus
736 481 917 546 secundum
939 482 1120 548 Censorem
1141 491 1291 598 ,goa-,³3-

58 624 151 668 suum
174 601 327 669 uectem
348 605 470 688 aliique
491 604 584 668 multi
605 602 648 668 ad
674 601 867 669 liotomuut
895 606 1121 670 coniecturam
1141 563 1217 648 «ἕξω

58 723 204 789 traducti
226 726 316 795 sunt.
360 721 582 809 Quamquam,
608 727 647 789 nt
667 742 781 788 uerum
805 724 932 809 fatear,
960 743 1013 791 me
1035 745 1122 809 quo-

59 864 119 932 que
142 848 251 933 prima
273 846 361 913 faeie
382 845 563 912 delectauit
589 846 805 911 membrorum
833 847 907 927 illa,
943 865 1038 931 quam
1067 845 1122 909 di-

59 972 151 1052 cunt,
188 968 415 1055 concinnitas,
447 985 489 1033 ac
525 968 700 1054 praeclare
734 970 828 1032 uisae
864 970 942 1032 sunt
977 969 1121 1031 sermoni

58 1091 229 1155 concitato
252 1091 287 1153 et
307 1088 499 1154 uehementi
520 1089 701 1154 conuenire
724 1089 844 1154 breues
865 1089 943 1153 illae
966 1091 999 1152 et
1026 1088 1121 1173 quasi

57 1213 222 1296 abruptae
236 1211 444 1296 sententiae,
461 1211 616 1298 singulae
630 1229 691 1276 sua
707 1228 858 1295 quaeque
873 1213 940 1289 tpm
956 1208 1120 1298 arguendi

58 1336 118 1397 tum
141 1330 374 1420 redarguendi
400 1332 434 1395 ui
463 1348 504 1396 ac
533 1333 703 1414 potestate
733 1328 922 1415 praeditae,
954 1332 1121 1415 simplices

59 1473 187 1537 omnies,
210 1453 418 1538 compositae
440 1452 569 1537 nullae,
590 1452 822 1517 altercationis
836 1451 933 1516 modo
949 1456 983 1516 ei
997 1454 1120 1535 impetu

59 1577 195 1642 inuicem
219 1593 296 1639 sese
319 1575 546 1659 excipientes,
573 1574 681 1639 altera
710 1591 754 1638 ex
782 1574 889 1638 alteru
910 1575 1014 1638 ueluti
1037 1593 1121 1659 pro-

60 1699 219 1761 sitientes.

113 1818 357 1885 Verumtamen
377 1817 594 1882 membrorum
613 1814 864 1901 dispositionem
880 1818 1121 1902 uerborumque

62 1941 317 2005 concinnitatem
338 1939 386 2002 lta
404 1936 611 2004 considerari
625 1939 801 2022 conuenit,
823 1941 861 2002 ut
875 1957 917 2004 ne
932 1957 1013 2002 uera
1029 1956 1121 2003 mens

62 2059 200 2126 dicentis
232 2077 397 2125 sensnsue
428 2061 617 2124 necessitas
650 2060 855 2147 negligatur.
913 2056 988 2141 Qua
1024 2065 1121 2144 parte

64 2202 150 2266 quum
185 2185 222 2247 et
251 2182 432 2246 eommunis
460 2182 547 2246 ratio
575 2174 707 2258 iurts⁴⁸i
736 2182 771 2246 et
800 2198 959 2263 caussae,
994 2182 1029 2247 in
1055 2200 1121 2267 qua

88 2458 133 2522 48)
157 2460 219 2510 lam
244 2460 393 2523 perspectis
419 2459 492 2509 uude
521 2460 561 2511 rel
618 2459 705 2509 storls
734 2459 800 2523 quid
830 2460 945 2512 intersit.
978 2460 1120 2512 Remedio

62 2560 160 2598 summa
179 2552 305 2609 constat,
324 2549 400 2598 iuuat
418 2549 500 2598 etiam
513 2550 561 2598 mi·
618 2548 714 2597 «euim
732 2553 827 2597 contra
848 2549 951 2598 tussam
973 2549 1121 2614 interpont-

62 2649 119 2687 uora
145 2638 284 2702 quaedam
310 2638 431 2687 breuiter
456 2641 561 2688 tantum

61 2727 250 2788 perstringere.
299 2725 369 2789 Quid
400 2731 455 2785 est,
488 2726 561 2789 quod

59 2815 124 2877 apud
136 2813 265 2863 Baebium
276 2810 353 2877 (uide
366 2826 447 2877 supra
461 2828 487 2876 p.
497 2814 559 2864 132.

59 2910 145 2953 notam
163 2901 224 2966 et.)
244 2901 374 2965 legimus,
395 2902 502 2953 uuerbe
516 2903 563 2951 lis-

58 2991 191 3040 seasebot
207 2989 319 3051 Alfenus
342 2991 442 3040 rectius
464 2989 561 3040 reterri

56 3081 109 3131 aad
133 3081 183 3139 id,
211 3079 284 3142 quod
308 3079 421 3129 Praetor
444 3079 559 3137 iussim

55 3168 168 3227 deinde,
194 3167 303 3217 «iuberi
322 3173 402 3231 atque
421 3168 562 3217 decernere

54 3257 212 3319 «distingui
242 3268 321 3319 posse
335 3258 377 3305 »i
414 3255 561 3306 Enimuero

53 3343 124 3395 baud
144 3345 263 3395 absurde
288 3344 387 3408 aliquis
408 3345 558 3407 putauerit,

55 3435 141 3496 magis
159 3434 330 3483 conueniens
347 3445 426 3493 esse,
446 3437 474 3481 ut
487 3433 559 3496 quod

55 3522 228 3571 aduersarius
242 3521 433 3585 postulauerit,
452 3534 559 3571 recuse-

58 3614 113 3666 tur,
133 3623 216 3673 qoam
230 3610 302 3674 quod
316 3610 427 3660 Praetor
439 3611 556 3660 iusserit.

61 3697 90 3746 tt
106 3699 247 3753 acrabin,
268 3699 379 3761 opinor.
399 3697 558 3748 subsellio·

64 3787 195 3847 bmanos,
226 3787 273 3850 qui
301 3800 401 3837 nonam
428 3787 558 3850 quodam·

70 3875 221 3924 emptoris
240 3880 326 3925 artem
346 3888 377 3925 er
396 3875 446 3925 ista
466 3876 557 3925 conie-

618 2642 697 2696 nior,
728 2635 832 2686 decreto
859 2650 925 2687 uero
955 2645 1003 2688 aut
1023 2651 1121 2700 parere

618 2737 752 2774 «necesse
772 2731 812 2775 esi
823 2731 869 2774 aut
882 2726 915 2775 ab
929 2739 958 2775 eo
971 2727 1118 2789 appellare,

617 2811 647 2860 L.
662 2811 706 2862 ld.
733 2812 774 2862 De
792 2827 822 2863 re
834 2813 951 2863 iudicata
966 2812 1022 2878 (ila
1044 2815 1119 2865 ldem

616 2899 650 2949 ad
674 2914 699 2949 c.
724 2899 750 2949 8.
778 2911 815 2956 ιο,
838 2902 982 2951 Deseruit:
1014 2903 1119 2954 altioris

617 2994 711 3049 uerat,
737 2995 766 3039 ui
786 2990 860 3052 prius
877 2990 979 3040 iuberet
997 2991 1118 3052 Praetor,

617 3078 900 3139 «posteadcoerneret.
920 3080 1120 3131 noueremus

618 3178 698 3213 usum
715 3179 840 3216 recusare
856 3167 969 3229 licebat,
987 3170 1119 3219 aduersus

617 3254 772 3303 «decretum
790 3269 845 3306 oon
864 3257 972 3306 licebat.
1001 3257 1053 3308 Sed
1067 3258 1119 3308 boe

617 3340 699 3392 eloco
709 3343 824 3393 decernit
835 3345 970 3395 inuidioso
984 3360 1032 3409 pro
1044 3346 1119 3397 lubet

617 3434 664 3477 eet
684 3434 721 3481 ad
737 3431 930 3482 decernendum
941 3446 967 3482 sa
980 3440 1119 3496 comparui

617 3523 755 3584 «pusulas
783 3547 812 3558 -
839 3522 914 3583 Quae
937 3530 1030 3573 contra
1052 3524 1117 3586 lepi-

615 3609 726 3660 dissime
750 3608 938 3660 Facctolutua:
954 3644 961 3659 .
977 3643 983 3656 .
999 3646 1007 3660 .
1027 3612 1116 3662 ullibi

616 3700 778 3761 «negotium
796 3697 905 3748 lacessit
922 3699 1069 3749 discrimen
1085 3699 1115 3748 ii-

614 3787 682 3837 slud
705 3789 775 3837 inter
799 3787 887 3836 iubare
909 3800 941 3836 ac
966 3788 1113 3838 decernere.

614 3874 675 3923 uite
685 3875 914 3924 nisillotomonus
929 3876 1038 3938 probet,
1053 3883 1115 3940 peto

73 3967 132 4011 nura
152 3977 202 4014 soa
224 3964 411 4026 composuisse
436 3964 554 4014 uidetur.
612 3961 706 4012 «bano
725 3963 850 4023 ueniam,
871 3969 916 4022 ut,
944 3967 1015 4028 quod
1034 3967 1114 4016 uerbo

45 4081 48 4085 .
75 4050 105 4098 iit
116 4053 199 4103 enlm:
220 4051 280 4102 «Ea
293 4052 346 4102 boc
359 4051 419 4102 loco
434 4058 554 4116 apparet,

78 4138 148 4189 «inter
164 4142 265 4190 lassum
283 4146 311 4191 at
329 4141 459 4190 decretam
478 4141 555 4191 Pras·

613 4052 681 4101 ollle
694 4054 806 4111 assera,
826 4052 904 4103 nobis
922 4054 1002 4104 uerbo
1015 4067 1114 4117 aspere

613 4141 724 4191 «liceat.
762 4140 858 4192 Cicero
876 4142 966 4206 itaque
986 4143 1037 4193 boc
1051 4144 1113 4194 ioco
