3114 5046
329 409 391 471 618
476 385 571 489 cap.
590 388 626 462 1.
666 385 728 462 De
748 389 834 461 iure
858 408 1018 461 causaue
1042 380 1261 469 Tullianae.

198 590 300 686 affl
329 567 643 654 existat‚·adeoque
665 578 780 652 pamm
794 568 873 633 sciri
888 566 1013 651 possit,
1034 568 1111 630 utra
1127 583 1211 650 para
1224 565 1327 630 maior
1340 565 1387 644 sit,

198 659 209 684 ⁸
329 710 388 779 ea,
410 710 475 777 qua
496 692 633 772 utimur,
654 709 698 754 an
720 708 777 772 ea,
800 707 886 772 quae
908 688 1043 750 interiit
1114 726 1117 731 -

178 823 317 865 emt-⁸¹1⁰·
392 812 421 878 b
455 813 574 896 quibus
608 809 867 877 confirmationis
903 809 1213 893 confutationisque
1248 808 1390 895 reliquiis

328 925 397 1013 (§§.
418 930 569 996 24-55.
584 962 632 1017 ‘,
648 927 754 1014 Sunt,
783 935 820 994 ut
840 931 1030 996 accuratius
1051 927 1224 1014 definiam,
1254 932 1390 1014 quatuor

328 1055 519 1143 fragmenta
539 1056 678 1134 maiora,
701 1054 783 1139 tria,
804 1049 1025 1133 ePrisciaoo,
1043 1050 1225 1116 Rufiniano
1238 1055 1273 1115 et
1288 1049 1389 1132 Quin-

328 1178 464 1243 ctiliano
479 1177 643 1260 acquisita
658 1163 807 1253 minora]
830 1172 913 1237 haec
935 1180 1134 1262 argumenta
1152 1190 1215 1237 seu
1230 1174 1327 1240 locos
1342 1172 1389 1238 di-

212 1288 215 1295 ’
327 1315 494 1386 gnoscere
516 1298 605 1363 licet.

190 1421 258 1486 im·
273 1445 317 1498 „a
390 1417 534 1483 Primum
557 1420 676 1482 contra
696 1415 777 1481 iilud
795 1413 915 1482 Cicero
931 1419 1077 1504 pugnat,
1100 1414 1190 1502 quod
1209 1413 1388 1496 Quinctius,

170 1513 223 1543 ἠ
328 1559 426 1626 quum
447 1539 612 1603 fateretur
633 1538 762 1623 quidem
786 1536 829 1602 de
849 1538 1036 1602 bominibus
1049 1556 1070 1602 a
1085 1537 1181 1603 Fabii
1197 1537 1388 1602 famutaoc·

328 1661 408 1727 cisis
423 1658 608 1744 damnoque
623 1661 655 1723 ui
671 1659 857 1725 hominibus
868 1661 1005 1724 armatis
1019 1661 1215 1744 coactisque
1231 1657 1323 1742 dato,
1334 1677 1388 1723 no·

222 1840 224 1845 .
327 1783 423 1865 garrit
440 1784 561 1865 temen,
579 1780 657 1846 doio
673 1783 758 1846 maio
774 1780 858 1846 baec
870 1783 1043 1847 commissa
1059 1799 1146 1846 esse.
1170 1778 1246 1861 Qua
1258 1779 1303 1844 de
1314 1783 1388 1844 reio

328 1902 417 1968 bunc
439 1903 513 1968 iere
535 1902 664 1967 modum
688 1907 804 1967 orator
825 1907 942 1967 noster
957 1902 1112 1967 disserit:
1134 1896 1175 1967 st
1189 1921 1256 1986 qua
1272 1901 1388 1967 familia

328 2026 361 2089 ui
383 2023 570 2090 bominibus
591 2027 728 2089 armatis
750 2026 922 2091 coactione
937 2026 1011 2108 ipsa
1027 2023 1178 2088 damnum
1196 2023 1309 2108 dedit,
1330 2041 1387 2087 non

328 2151 442 2229 potest
471 2145 549 2210 dolo
579 2147 665 2209 maio
696 2163 828 2232 carere,
857 2164 932 2210 nam
959 2163 1155 2230 quocunque
1178 2145 1387 2231 caeteroquin

329 2269 469 2333 consilio
491 2269 610 2355 fuerit,
633 2270 666 2332 in
688 2286 728 2333 eo
751 2270 826 2353 ipso
847 2267 944 2332 dolus
966 2269 1070 2331 maius
1091 2268 1197 2352 inest,
1220 2265 1313 2352 quod
1333 2269 1387 2331 uin

327 2393 429 2474 atque
452 2386 603 2454 homines
624 2390 696 2454 siue
717 2394 856 2456 coactos
877 2390 949 2453 siue
971 2391 1118 2452 armatos
1131 2386 1298 2453 adhibuit.
1325 2386 1388 2454 Na-

328 2527 393 2594 que
414 2507 502 2594 quod
526 2512 559 2574 in
582 2510 754 2575 iormuiam
776 2509 912 2574 additur
932 2528 1019 2574 noco
1034 2528 1148 2592 usco,
1170 2527 1213 2574 eo
1228 2509 1339 2594 ualet,
1359 2512 1388 2574 ut

327 2632 362 2695 in
391 2628 551 2696 eiusmodi
581 2632 632 2711 ui,
665 2633 693 2696 si
724 2633 798 2715 ipsa
824 2631 963 2714 familia,
995 2633 1090 2696 cuius
1112 2631 1246 2697 nomine
1267 2634 1387 2721 agitor,

328 2752 464 2836 fecerit,
492 2755 786 2837 recuperatoribus
808 2756 905 2818 etiam
928 2757 972 2817 sit
996 2754 1131 2836 insuper
1159 2750 1387 2836 quaerendum,

328 2872 406 2938 dolo
434 2874 520 2938 malo
548 2874 667 2940 fecerit
693 2894 737 2939 an
767 2876 839 2939 sine
862 2874 939 2939 doio
962 2876 1069 2959 ma103
1102 2873 1161 2938 sed
1186 2878 1387 2951 coiectum,

326 3000 383 3079 ut,
412 2996 539 3059 etiamsi
570 2997 781 3080 apparuerit,
815 3016 881 3060 non
908 2996 1030 3060 factam
1054 2995 1184 3080 quidem
1208 3014 1288 3061 esse
1310 2997 1386 3062 illam

326 3117 391 3182 uim
412 3117 456 3183 ab
477 3118 552 3200 ipsa
575 3118 715 3199 familia,
744 3120 905 3182 rationem
930 3122 1038 3182 tamen
1062 3120 1193 3202 initam,
1223 3120 1385 3184 consilium

326 3256 527 3323 operamque
560 3237 757 3323 adhibitam,
793 3244 830 3303 ut
860 3241 902 3304 ab
932 3241 1006 3303 aliis
1035 3239 1149 3322 tieret,
1182 3239 1387 3305 nibilominus

325 3358 446 3424 iudicio
470 3358 622 3424 dominus
644 3365 807 3425 teneatur.
852 3357 950 3440 Quod
972 3363 1000 3423 si
1023 3361 1091 3426 talc
1113 3369 1208 3425 esset
1228 3360 1385 3441 iudicium,

325 3476 496 3559 Quaeras
517 3500 686 3547 pscusrac
707 3501 821 3546 pascu
845 3503 867 3547 a
890 3502 1036 3547 saurus
1059 3504 1090 3547 ι».
1113 3504 1209 3548 saun
1232 3503 1267 3548 ct
1287 3502 1385 3549 uuar-

324 3620 422 3666 uraus
458 3621 613 3667 acuaris
651 3621 836 3668 ooaorrsus
875 3623 1022 3668 oauaurr
1055 3626 1091 3668 rr.
1118 3624 1245 3669 roomo
1275 3622 1384 3669 otrus

322 3722 401 3802 reb,
428 3721 554 3788 Fabius
582 3742 625 3787 ex
654 3725 727 3807 ipsa
749 3724 962 3790 confessione
983 3743 1045 3788 sua
1067 3726 1158 3788 nulio
1183 3726 1285 3791 dubio
1308 3744 1383 3793 con·

323 3841 554 3909 demiraretur:
586 3847 650 3910 iam
680 3849 714 3910 in
743 3845 858 3911 eadem
886 3846 1099 3911 confessione
1123 3865 1210 3930 quae
1232 3850 1319 3912 ratio
1340 3848 1382 3913 est

324 3980 396 4027 eum
427 3966 557 4030 absolui
587 3971 784 4052 propterea,
817 3965 905 4051 quod
934 3966 1078 4031 Praetor
1106 3971 1206 4032 etiam
1229 3968 1381 4034 aduersus

323 4101 399 4169 eos,
422 4105 560 4170 quorum
583 4090 707 4153 familia
729 4088 882 4154 damnum
905 4109 972 4153 non
995 4087 1162 4173 dedisset,
1189 4090 1270 4175 sed,
1291 4095 1328 4155 ut
1346 4087 1380 4153 ab

321 4204 397 4270 aliis
428 4205 581 4292 daretur,
616 4208 726 4276 dolum
759 4210 985 4299 adhibuisset,
1013 4213 1186 4280 actoribus
1208 4211 1375 4285 consulut,
