3112 5056
79 440 118 513 s·
130 426 172 503 2.
183 424 244 500 Do
253 426 456 501 interdicto
466 427 565 501 desei
578 430 736 527 vortipori
743 451 810 502 scu
820 426 1048 526 quintiliano.
1063 426 1124 488 '295

119 627 203 693 md·
218 647 246 692 θ·
268 625 320 690 3οι
1145 641 1240 693 Vulturis
1248 642 1292 682 ior·

1144 698 1212 738 mnino
1232 700 1292 738 tonti-

122 750 223 814 «Hoc
245 751 330 814 enirn
353 750 569 837 intelligitur:
591 748 1054 832 Unonrooniucrsu13siue
1079 766 1124 811 ex
1144 756 1216 794 nouit

57 890 149 958 ·pno
167 870 244 936 toco
259 873 330 937 siue
350 892 373 937 a
390 890 454 960 ouo
476 871 566 937 loco:
590 892 631 936 ro
654 888 855 955 susurruss3
877 868 941 934 hoc
961 871 1023 933 ium
1042 870 1124 932 sim-

58 995 166 1077 ·piex
190 997 258 1058 est:
279 997 318 1057 iu
339 1011 417 1058 mm
438 991 551 1058 ionem
571 997 766 1059 restituas»
792 993 851 1056 rei.

118 1142 203 1207 idid.
219 1162 246 1206 c.
268 1141 319 1206 31.

121 1295 136 1323 ·
148 1261 219 1332 cur
231 1282 315 1351 ergo
330 1267 389 1328 out
403 1267 436 1327 in
452 1264 531 1327 iiiud
544 1262 768 1347 quotidianum
785 1261 1011 1347 interdictum,
1027 1259 1125 1326 Usnn

59 1406 161 1452 ιιιιι
183 1406 232 1450 n
254 1405 291 1450 vr
312 1404 458 1472 oniscon,
482 1383 631 1467 udditur,
654 1404 747 1460 ouuu
767 1403 832 1450 nco
850 1401 1075 1470 oossiosnru,
1097 1385 1124 1446 si

59 1505 183 1574 «deiici
206 1524 303 1572 nemo
326 1510 438 1592 potest
468 1509 522 1592 qui
553 1526 618 1571 non
647 1506 816 1592 possidet:
847 1509 906 1569 sut
929 1506 961 1568 in
985 1503 1048 1570 iroc
1071 1507 1126 1567 in-

59 1627 263 1694 ·terdicturn
282 1627 324 1693 de
346 1627 532 1693 hominihus
553 1631 689 1694 nrmntis
712 1598 779 1692 non
801 1624 951 1710 uddiior,
973 1629 1002 1690 si
1021 1645 1125 1711 opor-

61 1754 133 1814 ·tet
155 1751 290 1836 quaeri,
312 1748 501 1832 possederit
523 1742 675 1816 necnei»

117 1901 202 1966 idid.
219 1921 247 1965 c.
269 1897 319 1963 32.

120 2023 190 2087 «In
206 2022 263 2086 iiio
279 2023 312 2087 ui
328 2022 522 2108 quotidiano
545 2041 611 2085 non
633 2023 718 2086 sniis
740 2027 807 2108 est,
832 2041 931 2106 posse
947 2021 1069 2090 docere
1086 2041 1123 2086 se

63 2144 264 2228 ·deiectum,
285 2145 348 2208 nisi
370 2142 548 2207 ostendere
568 2145 689 2229 possit,
713 2163 809 2228 quum
828 2143 1034 2228 possideret,
1057 2147 1123 2208 tum

64 2264 260 2331 ·dciectum.
302 2264 355 2331 Ne
384 2263 417 2328 id
441 2264 571 2348 quidem
598 2266 682 2329 sotis
711 2270 779 2348 est,
809 2267 871 2330 nisi
894 2264 994 2330 docet
1016 2266 1064 2330 ito
1086 2285 1123 2330 se

64 2386 300 2472 -possedisse,
329 2390 367 2450 ut
396 2403 458 2451 nec
486 2387 519 2449 ui
542 2403 604 2451 nec
627 2386 710 2452 ciem
734 2405 796 2452 nec
825 2388 978 2471 precario
1002 2406 1124 2472 posse-

64 2510 180 2575 ·derit
238 2510 351 2594 itsque
386 2511 439 2592 is,
474 2509 528 2593 qoi
564 2526 602 2572 se
637 2509 825 2573 restituisse
860 2506 962 2592 dixit,
1002 2526 1123 2598 mogon

66 2649 170 2698 ·uocc
192 2648 297 2714 saepe
319 2629 469 2696 confiteri
492 2630 596 2709 soiet,
618 2648 655 2696 se
678 2633 715 2694 ui
736 2629 920 2713 deiecisse,
944 2648 1056 2695 oerum
1079 2631 1124 2694 ii-

64 2752 138 2817 ·iud
161 2751 274 2819 addit:
296 2748 379 2818 Non
399 2751 617 2837 possidebat:
647 2752 700 2815 uei
725 2751 839 2835 etiem,
863 2769 959 2836 quum
983 2751 1047 2817 hoc
1070 2754 1125 2836 ip-

65 2894 153 2939 ·sum
176 2874 361 2958 concessit,
384 2873 488 2937 uincit
511 2875 622 2937 tomen
643 2874 844 2957 sponsione,
865 2873 892 2937 si
917 2873 1049 2957 pinnum
1069 2873 1125 2936 io-

65 2997 143 3080 ·cit‚
172 2996 218 3061 ob
240 3013 277 3060 se
299 2994 390 3058 iilum
418 2997 474 3058 oui
499 2996 531 3058 ui
559 2996 618 3058 out
640 2995 724 3060 elem
747 2997 806 3058 out
828 2995 979 3078 precnrio
1003 3013 1125 3078 posse-

65 3118 189 3183 ·disse.
240 3115 434 3198 Videtisne,
464 3119 544 3202 quot
572 3114 823 3181 defensionibus
851 3134 941 3199 eum,
970 3117 1124 3200 quisine

66 3243 185 3304 «ermis
213 3257 255 3303 uc
285 3237 492 3302 multitudine
522 3238 586 3301 uim
615 3238 751 3320 iecerit,
779 3239 827 3302 uti
855 3255 955 3322 posse
983 3239 1126 3302 maiores

67 3351 281 3426 noluerint?
303 3358 391 3425 hunc
413 3378 510 3445 uero,
533 3362 587 3445 qui
609 3362 652 3426 ub
675 3362 761 3445 iure,
783 3359 911 3444 officio,
933 3360 1030 3424 bonis
1051 3378 1124 3422 mo-

67 3483 176 3548 ·ritos
194 3480 238 3547 od
255 3482 396 3565 terrum,
417 3479 461 3544 od
482 3498 591 3568 ormo,
612 3480 655 3546 nd
674 3481 809 3548 caedem
827 3482 1035 3572 confugerit,
1057 3503 1123 3547 nu-

68 3603 154 3668 ·dom
179 3605 213 3668 in
236 3621 358 3668 cnussn
380 3601 574 3668 destitutum
596 3601 736 3684 uidetis,
765 3608 801 3667 ut
832 3605 885 3689 qui
912 3608 1059 3668 arnostus
1081 3603 1123 3669 de

71 3726 301 3807 ·possessione
330 3722 562 3790 contendisset
591 3726 726 3789 inermis
755 3726 854 3809 pinne
879 3724 1123 3810 desponsione

74 3851 232 3913 ·certsret
263 3893 271 3909 .
305 3893 313 3908 .
346 3893 354 3909 .
398 3845 528 3930 Ecquid
556 3849 714 3932 interest,
744 3852 851 3910 utrum
875 3845 937 3912 hoc
959 3846 1122 3928 additum,

77 3987 186 4052 prom
208 3965 253 4032 A.
277 3963 432 4034 Goectuo
454 3969 666 4048 possederit,
690 3961 821 4032 necne?
843 3969 901 4032 rei.

126 4153 235 4223 (intuso
256 4154 278 4220 1
286 4154 323 4240 V,
349 4154 419 4219 154.

132 4275 416 4360 -iiecuperondae
437 4280 662 4359 possessionis
676 4296 797 4343 cnosso
811 4279 898 4343 soiet
911 4276 1121 4343 interdictum
