3114 5046
426 358 489 423 ⁴¹⁴
530 355 625 457 Cap.
646 357 681 433 1.
735 356 795 431 De
820 361 905 455 tare
932 380 1092 432 eaamae
1119 355 1392 434 amimam.

315 567 384 667 ἔξω
427 557 551 623 factm
565 575 642 625 erse
658 552 844 645 Carduae,
858 559 1087 641 rationemque
1102 554 1307 643 addiciunt,
1332 559 1494 623 neminem

427 696 504 745 esse
524 696 633 763 neque
655 674 800 744 occisum
823 696 931 764 neque
951 679 1136 744 sauciatum
1152 672 1187 757 6).

490 797 565 881 Qua
587 799 629 865 de
651 818 688 865 re
711 818 795 885 quae
820 795 941 866 Cicero
966 801 1219 885 percomplere
1241 804 1409 868 orationis
1434 820 1494 869 aa·

427 923 497 1007 pitr
517 912 616 1005 (cap.
639 918 688 983 it.
710 924 798 986 extr.
813 911 937 1003 -17.]
967 925 1085 987 ornate
1108 939 1148 988 ec
1170 924 1309 1007 copiose
1330 923 1492 1010 disputet,

426 1041 698 1129 quemadmodum
734 1045 956 1109 recentiorum
995 1045 1152 1126 omnium,
1194 1047 1326 1111 nemine
1358 1044 1493 1111 discu-

426 1166 532 1231 ttente
547 1156 588 1252 ⁷),
625 1164 786 1252 suffragia
823 1181 865 1231 ee
900 1164 1029 1230 leudem
1064 1166 1298 1249 obtinuerunt,
1335 1168 1386 1232 itu
1418 1166 1493 1232 miiu

427 1305 558 1373 quoque
579 1293 649 1352 non
671 1286 777 1350 solum
799 1287 1026 1352 communibus
1048 1287 1147 1371 iuris,
1175 1290 1345 1374 iustitiae,
1374 1289 1494 1374 eequi-

427 1409 508 1473 tntis
531 1410 722 1493 praeceptis
750 1384 979 1473 consentanee
1008 1410 1110 1494 atque
1137 1408 1182 1485 ed
1210 1410 1378 1494 publicam
1400 1410 1494 1475 utiti-

428 1532 530 1595 tetem
551 1528 817 1615 accommodata,
849 1528 911 1594 aed
939 1531 1037 1595 etium
1065 1548 1139 1596 cum
1160 1529 1332 1596 interdicti
1353 1533 1414 1598 iila
1434 1550 1494 1596 ra-

362 1728 365 1735 ,
427 1652 540 1735 tione,
573 1670 669 1736 quem
698 1670 740 1717 ex
763 1649 987 1737 maestorum
1008 1653 1213 1735 potissimum
1235 1654 1329 1718 itioris
1356 1651 1494 1719 derint-

427 1777 495 1838 tum
516 1791 619 1859 supra
640 1773 893 1860 repraesentuui
908 1767 952 1858 ⁸),
982 1776 1223 1861 congruentia,
1251 1772 1398 1861 denique
1420 1775 1493 1860 ipso

427 1894 484 1960 illo
507 1897 674 1983 tempore,
703 1913 768 1981 quo
792 1890 968 1961 Uacetuae
990 1911 1111 1960 caussa
1131 1897 1315 1984 agebatur,
1343 1895 1389 1963 ed
1411 1915 1493 1982 pro-

429 2014 569 2082 bandum
592 2017 766 2100 aptissima
786 2034 920 2099 semper
939 2015 1017 2080 mihi
1039 2017 1112 2082 uisu
1133 2021 1221 2081 suut.

490 2133 682 2204 Cauendum
699 2140 809 2203 tamen
825 2141 895 2222 est,
916 2155 959 2202 ue
981 2138 1167 2222 exemplum
1188 2138 1354 2204 imitemur
1371 2156 1494 2223 eorum,

463 2423 491 2490 a)
508 2425 613 2478 Nimtur
634 2432 705 2478 eerte
727 2427 778 2476 iroe
804 2427 862 2476 ioeo
891 2433 932 2477 eet
988 2428 1025 2477 itr
1045 2427 1206 2487 oecurrttte,
1227 2430 1257 2476 ut
1274 2431 1418 2487 moneret,
1443 2440 1493 2477 non

429 2516 597 2566 Hotomanus
619 2515 665 2574 (rd
684 2515 711 2565 d.
734 2527 758 2565 e.
782 2512 855 2578 tan,
885 2515 931 2577 qut
988 2513 1182 2567 adeortraeem
1194 2520 1284 2566 tamen
1297 2517 1493 2578 immunemque

427 2604 496 2655 adeo
516 2607 671 2667 domuerit,
707 2604 784 2654 eiiam
810 2615 931 2654 orantum

429 2693 507 2744 uliam
518 2692 614 2744 dixisse
626 2693 761 2751 Pirenam,
781 2705 828 2744 car
843 2691 931 2742 Caeci-

431 2785 535 2833 naonis
555 2782 623 2832 iacta
636 2796 693 2833 erse
712 2795 765 2832 uon
782 2782 930 2841 uideretur,

429 2875 480 2922 uiri
498 2872 581 2930 hene,
613 2871 752 2921 Caecinam
771 2884 827 2919 nou
845 2883 931 2933 porte-

430 2962 516 3023 de'trt‚
547 2960 657 3010 Aebutio
677 2966 767 3009 autem
789 2961 931 3022 parturio·

428 3064 488 3101 aem
507 3063 584 3100 tuam
601 3051 629 3097 ut'
647 3050 763 3097 retinere
782 3049 826 3096 tat
842 3045 931 3108 sumre.

430 3139 609 3201 Quamobrem
631 3137 702 3189 haud
726 3138 857 3187 immerito
882 3136 933 3185 hoe

429 3229 521 3279 saitem
535 3229 593 3278 ioco
607 3226 667 3277 tuiit
676 3222 820 3276 Garatonii
833 3224 932 3274 hancce

430 3319 689 3379 reprehensionem:
726 3313 934 3363 «Hotomauam

431 3405 635 3458 «transuersum
655 3404 709 3466 agit
724 3404 836 3453 scientia
855 3404 931 3461 iuris,

431 3503 486 3548 eut
512 3509 545 3546 ae
575 3492 660 3541 Tullio
688 3489 798 3552 quidem
824 3489 930 3548 credet,

431 3585 590 3635 «Aebutiam
606 3580 721 3636 diriore,
739 3590 815 3628 uerno
833 3579 932 3626 arettas

431 3679 585 3734 rutaeque
601 3669 725 3723 saudan
752 3668 794 3715 eui
808 3671 878 3716 certe
892 3678 932 3716 te·

430 3763 518 3811 atiani
532 3761 583 3810 iroe
601 3759 659 3808 iaeo
680 3755 930 3817 respondetur.»-

430 3849 572 3901 Creterum
599 3853 705 3909 praeter
728 3851 827 3896 certem
848 3843 931 3902 iiiam,

429 3952 509 4003 quem
531 3950 612 3999 tuprr
632 3936 829 3994 demonstrant,
864 3935 932 3983 iuria

429 4026 612 4080 defensionem
624 4025 694 4075 hrud
710 4022 866 4074 incredibile
880 4027 930 4080 est,

430 4117 550 4168 Pt'ttm
571 4115 651 4164 etiem
671 4111 786 4176 generati
815 4110 931 4173 quodem

429 4218 509 4258 tantu
529 4202 660 4256 commo
682 4200 930 4262 ampitnmuonttm

989 2604 1045 2653 uim
1060 2603 1094 2652 eit
1106 2600 1216 2654 Aebutio
1228 2616 1287 2655 eree
1300 2610 1492 2666 perpetuam,

990 2696 1070 2743 immo
1094 2691 1233 2743 &acinam
1258 2696 1287 2743 et
1308 2706 1379 2755 quor
1405 2705 1493 2745 tetum

989 2783 1120 2842 heberet,
1141 2783 1255 2844 integros
1279 2781 1425 2846 minorque
1444 2780 1493 2831 dit·

989 2875 1108 2923 cessisse.

1020 2957 1049 3024 ’1)
1080 2959 1139 3020 ipre
1170 2971 1278 3021 quoque
1304 2959 1491 3014 Hotomanus,

989 3051 1035 3111 qui
1053 3048 1097 3099 uei
1116 3048 1166 3099 itae
1185 3053 1278 3109 purte,
1302 3052 1335 3096 ut
1357 3047 1438 3098 mado
1455 3046 1492 3097 ut·

989 3136 1092 3197 dimus,
1117 3135 1262 3187 Aebutium
1281 3136 1420 3195 defendit,
1446 3134 1492 3184 tti-

989 3224 1049 3275 dem
1079 3224 1170 3286 pauiio
1200 3225 1310 3276 inierint
1346 3225 1381 3274 td
1413 3223 1490 3274 uerbo

990 3314 1029 3362 tit
1047 3314 1103 3362 aim
1119 3314 1230 3376 ueaadtr
1249 3327 1302 3363 etro
1318 3314 1422 3375 tactam
1445 3312 1490 3361 rei.

989 3402 1054 3453 haee
1069 3402 1197 3453 tubiieit:
1219 3403 1343 3467 «Neoan'
1356 3408 1428 3453 certe
1441 3412 1491 3449 nou

989 3498 1117 3552 «noaret,
1149 3493 1172 3541 ri
1194 3495 1234 3551 ei,
1264 3493 1311 3554 qui
1333 3490 1492 3552 penideret.

989 3582 1054 3631 uuit
1078 3586 1146 3632 esset
1162 3579 1252 3630 iiittrt
1284 3578 1333 3631 ted
1356 3582 1423 3643 quir
1442 3589 1492 3628 aaa

988 3667 1147 3730 «nottidere
1161 3666 1300 3716 Caecinam
1314 3667 1494 3720 contendebrt

989 3756 1157 3817 «Aebutiae,
1176 3755 1245 3806 bour
1265 3758 1373 3808 tutione
1389 3755 1494 3807 herde·

988 3845 1130 3897 «tentione
1150 3845 1295 3895 utebatur:
1328 3847 1433 3910 utinam
1451 3860 1495 3897 ue·

988 3941 1171 3993 «comesset,
1190 3933 1264 3996 quod
1286 3933 1393 3986 rutam
1411 3942 1496 3988 amto-

987 4025 1049 4073 «rie
1068 4021 1255 4074 uociterrtur»
1274 4023 1325 4075 rei.

1021 4109 1049 4174 8)
1067 4110 1138 4174 Μ.
1157 4110 1261 4173 ι).316.
