3114 5046
155 40 227 193 ,2

155 310 218 413 ᾗ·
234 320 275 401 Cr
329 320 499 401 cam
518 323 730 424 possederit
749 348 877 400 neme
996 327 1058 392 ert

155 520 197 590 d.
236 516 309 589 Sed
334 539 397 589 nec
423 521 558 589 heredis
582 528 635 588 est
662 526 847 607 possessio,
882 527 1060 611 annosam
1079 537 1227 634 *im

155 636 329 727 statu),
374 645 452 730 quio
490 643 660 710 heredites
692 647 726 708 in
761 663 834 710 eum
866 644 900 712 id
931 650 1060 713 unium
1079 651 1179 691 mnu
1192 653 1225 690 ⁶·-

155 762 310 852 ennon,
342 765 432 850 quod
453 769 505 831 est
526 763 743 853 hereditatis;
772 786 839 833 non
859 771 970 834 autem
995 769 1059 835 tuit

155 887 261 961 sessio
283 884 514 953 hereditatis'

155 1047 254 1131 pato,
283 1043 418 1111 diuerso
442 1047 515 1111 iure
539 1041 716 1114 vicecom
737 1050 881 1114 aetatem
902 1049 937 1113 in
960 1065 1003 1114 es
1022 1066 1060 1115 re

155 1158 203 1235 b.
257 1165 341 1233 Nam
364 1167 398 1230 in
418 1184 504 1255 agro
527 1166 657 1253 quidem
687 1169 820 1253 publico
845 1167 1060 1254 possidendo,

167 1286 257 1374 quod
273 1292 363 1354 iuris
384 1292 495 1370 esset,
514 1288 559 1353 ed
577 1287 733 1354 heredem
753 1290 852 1356 etiem
873 1293 954 1359 ante
976 1289 1060 1358 haec

167 1412 466 1490 transmitteretur,
499 1410 599 1494 plone
621 1409 707 1475 idem
729 1413 840 1478 nmen
866 1412 1061 1493 obtinuisse,

155 1527 351 1616 irtdorsfitta,
381 1531 592 1617 antiquorum
612 1532 695 1596 iuris
713 1530 855 1597 Romani
877 1531 1060 1600 documen-

155 1653 342 1719 ertaurator
370 1654 615 1736 meritissimus,
652 1652 766 1720 docuit
779 1650 841 1740 ²¹);
877 1655 933 1740 qui
963 1672 1059 1740 quam

155 1771 262 1840 ehoe
295 1775 371 1839 ioco
399 1777 473 1863 agri
503 1776 625 1859 publici
658 1776 928 1860 priuatorumque
950 1792 1059 1841 rerum

155 1911 243 1960 onem
264 1897 432 1961 sententio
453 1914 515 1962 sua
537 1896 793 1980 exaequuuerit,
822 1894 1059 1961 udidudmom

155 2020 321 2096 mentum,
352 2022 389 2081 ut
411 2018 445 2082 in
467 2036 533 2082 uno
553 2019 752 2099 consistam,
783 2017 889 2082 omnis
912 2016 971 2082 ilia
995 2037 1059 2104 pro

155 2142 363 2223 comporto
383 2142 470 2205 ratio
491 2158 533 2206 ac
549 2140 744 2227 progressio
754 2135 813 2224 ²²),
835 2157 932 2226 qnam
952 2155 1060 2222 nemo,

171 2403 214 2450 ssi
232 2411 349 2460 nouum,
366 2400 502 2461 possidere
558 2412 642 2450 snam
665 2412 721 2450 rem
739 2412 767 2450 se
790 2398 945 2462 possidere,
964 2409 1059 2450 muca·

168 2487 324 2539 tantundem
354 2487 442 2540 coiere
470 2501 501 2538 oo
558 2490 654 2550 spietz
691 2487 767 2538 ueiut
794 2488 816 2536 si
847 2500 902 2537 rsm
930 2487 1058 2537 indito·

155 2586 184 2625 ι
200 2576 411 2637 opposueram,-
431 2590 500 2641 quae
557 2577 668 2636 «mm,
690 2576 765 2624 coitis
781 2575 968 2638 possessionem
987 2575 1060 2625 darn

155 2661 257 2725 teatio,
275 2668 397 2725 quemuis
410 2668 437 2715 io
450 2665 500 2717 Le·
557 2665 697 2714 «modom
707 2669 802 2713 sortus
813 2668 866 2719 ert,
885 2662 981 2726 siiquis
999 2675 1059 2724 pos-

155 2752 236 2804 rotoat
250 2754 392 2817 distingui,
412 2754 499 2804 moitis
558 2753 698 2805 «sederit.
714 2785 720 2798 .
737 2784 744 2799 .
759 2749 790 2814 ὅ.
803 2750 847 2800 54.
868 2749 956 2812 Quare
967 2756 1058 2802 autem

155 2840 227 2904 mptu
244 2841 402 2893 declaratur.
428 2841 499 2904 Qua·
558 2844 660 2894 satiem
671 2842 721 2891 troc
733 2851 797 2890 caru
808 2839 857 2889 soii
871 2851 960 2889 rerum
970 2853 1057 2891 annua

155 2929 245 2995 iipcsto
269 2930 410 2982 iestidierit
442 2928 499 2995 (ubi
558 2931 766 2981 «constituissit
780 2932 926 2988 usucapio,
955 2927 999 2980 iiia
1018 2942 1059 2980 ra-

155 3029 188 3069 ro
206 3019 282 3069 tituto
298 3021 328 3069 L.
346 3022 372 3069 i.
387 3017 438 3082 §5-
454 3020 498 3068 11.
558 3022 617 3070 otio
634 3025 691 3079 est,
722 3018 793 3081 qnod
816 3018 878 3068 oiim
900 3029 990 3067 rerum
1012 3017 1059 3071 ha·

164 3103 197 3172 ὅ.
210 3108 237 3158 1.
257 3107 288 3156 1..
303 3107 346 3158 18.
358 3122 400 3172 pr.
414 3108 454 3160 lio
465 3109 498 3159 Α.
557 3108 764 3159 αηᾱιιιτίιωω
791 3108 961 3169 possessione
983 3107 1059 3159 uelut

182 3197 304 3249 inueniet
328 3199 409 3248 etiarn
428 3198 499 3260 apud
558 3198 652 3259 oipssc
678 3195 838 3248 herafflteter
861 3196 973 3257 usucspi
1002 3206 1059 3247 cra·

155 3319 164 3346 ,
190 3285 274 3337 osiuu
291 3286 322 3336 ds
340 3285 441 3351 Officiis
456 3287 498 3347 11,
558 3285 728 3345 «debentur,
754 3284 856 3336 scilicet
876 3296 966 3335 anuo:
988 3316 995 3330 .
1019 3316 1028 3333 .
1049 3317 1057 3333 .

155 3372 259 3426 terram
268 3375 498 3435 111,68,158.-
559 3390 573 3419 s
581 3380 608 3424 et
621 3376 743 3436 quemuis
756 3379 848 3436 postea
866 3373 996 3426 creditum
1007 3374 1057 3432 sit,

155 3474 203 3514 eoa
220 3463 271 3527 Ep.
290 3463 335 3513 iit.
557 3465 651 3526 «ipsas
677 3463 837 3515 hereditates
864 3465 975 3524 erumpi
1004 3472 1076 3513 roo*

172 3549 254 3617 mern
275 3552 399 3602 Thorium
419 3566 500 3616 opra-
558 3565 675 3615 «posse,
694 3558 782 3605 umen
795 3555 822 3602 iu
836 3553 958 3606 omnibus
977 3551 1059 3603 rebus

155 3639 296 3692 taitscmn
316 3640 334 3690 i.
355 3641 444 3704 peroio.
464 3642 498 3690 li.
558 3642 788 3693 custoditurus..
805 3655 915 3693 ·euuua
927 3641 1059 3704 usucapio

159 3726 294 3792 x.p.tii.
317 3755 348 3764 -
372 3729 404 3791 Q.
425 3729 498 3781 eidi.
558 3733 739 3781 «remansit»
759 3729 835 3781 Comi.
852 3731 916 3780 idid.
929 3729 980 3789 111,
995 3729 1057 3780 201.

155 3830 175 3866 rs
200 3820 329 3868 mentio
359 3819 427 3867 inter
454 3815 501 3868 Ga·
559 3834 592 3866 o.
608 3819 787 3871 ..interdum
806 3830 861 3867 rem
882 3816 996 3868 aiieoam
1017 3829 1060 3866 oc-

155 3903 261 3956 'uerior
272 3907 353 3956 dioto.
384 3906 499 3958 Beroiioi
559 3921 680 3969 «cupere
696 3912 723 3957 et
741 3918 888 3967 usucapere
902 3917 1059 3957 concessum

155 3995 222 4046 .11.
560 4002 639 4055 sest,
660 4007 708 4046 uec
730 3994 847 4046 creditur
869 3992 968 4044 turtum
991 3994 1060 4050 iieri,

155 4083 258 4145 .11‚52.
273 4085 503 4135 sliursueercou·
560 4085 657 4136 «uelut
677 4096 718 4134 reo
734 4082 927 4142 hereditarias,
946 4095 1060 4145 qoorom

155 4171 227 4232 idit,
242 4178 289 4232 ut,
305 4176 351 4235 qui
365 4175 502 4226 scietaiie-
560 4189 635 4226 «ooo
656 4174 735 4235 potos
757 4178 852 4222 nomm
874 4163 1060 4235 possesionem
