3114 5046
53 318 89 393 s.
106 307 149 378 8.
177 303 240 377 At.
262 301 329 389 (Ρ.
343 303 532 377 absentem
548 310 651 375 reete
667 300 878 401 defenderit
894 324 1020 377 neme.
1060 302 1120 365 ¹5⁷

115 491 248 575 Quibus
266 494 455 578 perspectis
470 493 583 558 breuis
596 492 660 556 erit
674 493 889 557 coniecturae
903 509 996 556 meae
1011 510 1121 577 expo·
1140 501 1279 611 52:2¹⁵.ss

54 618 146 695 sitio,
171 633 239 700 qua
262 615 394 680 ratione
415 612 563 678 Alienus
584 614 737 678 tribunos
759 610 867 697 piebis
889 614 1122 698 appellauerit‚
1141 616 1220 669 ΝΜ

56 756 116 821 quo
150 739 265 800 autem
298 736 371 800 iure
401 753 510 820 queue
539 736 657 799 saliem
685 737 756 800 ueri
778 737 893 819 speeie
917 735 1122 799 Hortensius

58 858 252 945 negauerit,
274 857 432 921 Alienum
454 855 575 923 iudicio
599 854 799 938 Quinctium,
821 858 868 920 uti
891 859 1036 942 oportet,
1058 854 1122 920 de-

59 979 227 1064 fendisse,
249 997 347 1062 quum
368 979 526 1043 auxilium
548 998 570 1043 a
592 978 734 1044 tribunis
755 979 922 1062 petiuerit.

116 1134 249 1205 Orator
271 1142 403 1223 noster,
432 1138 521 1202 sicut
543 1138 606 1201 iam
628 1156 731 1221 supra
753 1135 876 1202 dietum
900 1128 1014 1222 est²⁸)‚
1040 1155 1123 1221 par·
1157 1147 1291 1188 *ituit-tio

1142 1211 1163 1246 ot
1174 1204 1290 1245 muium

59 1263 108 1324 tim
132 1261 301 1344 insinuat,
323 1261 443 1343 partim
466 1262 564 1324 etiam
586 1259 750 1340 affirmat,
775 1259 981 1322 tribunorum
1002 1261 1123 1342 appel-

59 1381 232 1446 landorum
249 1379 374 1446 Alieno
396 1400 560 1446 corrasam
581 1378 710 1466 quidem
727 1378 830 1443 luisse
845 1379 1000 1444 Burrieni
1014 1379 1124 1446 Prae-

59 1506 138 1569 toris
162 1502 354 1586 decretum,
380 1486 451 1586 'quo
482 1500 661 1567 iudicatum
692 1502 777 1564 solui
807 1500 936 1566 Naeuio
957 1503 1124 1567 satisdare

60 1627 168 1690 iussus
190 1628 301 1709 esset;
322 1621 561 1708 descensionem
582 1626 711 1707 autem,
733 1623 877 1707 iniquum
900 1640 976 1687 esse
997 1641 1125 1707 procu-

61 1752 205 1810 ratorem
235 1742 423 1825 satisdare,
456 1743 544 1830 quod
573 1762 652 1808 reus
678 1742 845 1809 satisdare
876 1762 942 1808 non
970 1741 1126 1826 deberet,

62 1870 86 1931 si
104 1870 182 1952 ipse
204 1864 360 1949 adesset3
381 1883 479 1951 spem
500 1863 644 1949 denique
666 1867 700 1929 in
722 1882 763 1929 eo
787 1867 929 1949 positam
947 1864 1067 1946 fuisse,
1090 1868 1127 1928 ut

63 1988 144 2074 apud
167 1986 350 2076 collegium
372 1987 577 2052 tribunorum
600 1988 739 2051 iniuriae
765 1984 961 2051 Praetorem
983 1987 1126 2052 conuin-

65 2114 168 2196 eeret,
190 2126 352 2194 sumque
375 2109 462 2174 illam
484 2109 646 2174 rationem
670 2109 750 2173 iuris
772 2109 943 2192 probaret.
1054 2086 1058 2091 ¹

118 2266 210 2336 biiii
244 2286 326 2333 uero
354 2269 438 2333 satis
467 2286 661 2352 persuasu·
696 2269 765 2347 est,
798 2269 881 2331 istas
908 2284 965 2330 res
995 2285 1127 2347 omnes,

68 2564 195 2626 uberem,
209 2569 240 2614 ut
249 2563 350 2614 Caesar
361 2576 489 2628 praesens
502 2576 567 2614 ooo·
623 2578 673 2614 uss
700 2564 861 2628 legibusque
887 2564 1039 2615 contrariae
1062 2565 1127 2627 ipsis

69 2655 207 2704 rotiiuerat
226 2648 311 2715 (soni.
331 2652 367 2702 ib.
388 2666 413 2702 o.
433 2650 487 2715 1.),
510 2652 568 2715 [ore
624 2653 729 2715 iegibus
738 2653 974 2703 interdicerentur.
985 2650 1129 2702 eonem

68 2742 190 2792 «metito
204 2740 393 2803 pollicebatur.
419 2740 470 2791 Sed
487 2739 568 2791 flabat
625 2740 727 2793 Galliae
746 2740 896 2803 Cisalpinos
914 2741 943 2789 iu
961 2754 985 2789 c.
1000 2742 1044 2789 20.
1059 2747 1125 2790 extr.

69 2832 221 2894 ausonitais
240 2830 343 2879 decreti
361 2835 387 2878 at
400 2830 568 2879 humanitate
625 2831 721 2881 «Neue
745 2831 805 2892 quis
831 2829 1004 2892 Magistratus
1029 2827 1128 2879 Proue-

69 2918 231 2979 «inponit,
261 2918 308 2981 qui
334 2918 377 2967 bis
400 2919 568 2981 temporibus
626 2920 908 2980 «magistrrtmneua
920 2918 1060 2981 quis‚pro
1073 2931 1128 2980 quo

69 3007 238 3057 «elementer
255 3013 283 3056 st
301 3007 440 3056 moderate
464 3008 505 3056 ius
529 3007 568 3056 di·
625 3008 763 3071 «impario
783 3012 948 3070 potestateue
961 3007 1027 3067 erit,
1048 3008 1129 3056 iuter·

69 3095 204 3145 «seudum
227 3095 412 3150 existimabat,
442 3100 471 3144 ut
493 3107 569 3157 repe·
626 3096 752 3154 «sedito,
773 3109 844 3144 neue
862 3095 927 3158 quid
945 3094 1020 3144 aliud
1036 3095 1127 3154 tacito,

69 3186 131 3234 «riri
144 3197 203 3235 uon
216 3182 496 3247 possent(sl.pourt‚
508 3194 570 3244 pos·
625 3196 702 3246 «quo
725 3185 816 3234 minus
840 3184 875 3233 de
900 3196 931 3232 sa
955 3197 983 3232 ra
1004 3184 1039 3233 iia
1059 3184 1128 3232 iudi-

70 3272 280 3336 «oitiaquibua
293 3272 401 3321 initium
413 3271 569 3334 appellandi
626 3273 720 3322 «oium
748 3273 827 3322 detur
852 3272 1066 3335 iudiceturquea
1096 3296 1125 3309 -

71 3367 321 3411 «precaretur...
341 3360 374 3409 lli
391 3360 425 3409 ab
440 3361 491 3410 boo
510 3373 570 3423 pro·
627 3361 694 3411 liem
721 3359 777 3410 Les
802 3360 918 3410 Seruilio
937 3368 1018 3423 repet.
1037 3375 1063 3411 o.
1082 3360 1127 3412 21.

70 3450 172 3500 «tectus
186 3449 267 3499 initio
275 3446 409 3511 (Coelius)
422 3461 455 3497 oo
466 3447 570 3509 trustra
625 3449 709 3512 (apud
722 3446 859 3500 literarium
871 3464 898 3512 p.
911 3448 968 3512 82.)
987 3472 1014 3484 -
1028 3449 1129 3500 Contra

69 3541 226 3601 impressus
252 3542 358 3598 turpem
382 3549 503 3586 mursam
530 3537 570 3585 ui·
627 3538 792 3600 permittitur
816 3538 988 3599 intercessio,
1012 3550 1083 3602 quse
1099 3536 1131 3589 iit

69 3627 212 3685 «meatur,
242 3625 334 3688 legam
365 3625 569 3687 promulgsuit»
625 3626 693 3688 lapis
716 3626 830 3676 tuendae
848 3640 960 3688 mussa,
988 3627 1073 3677 uoluti
1100 3628 1129 3676 iu

68 3716 115 3765 rei.
138 3712 219 3765 Conl.
245 3726 309 3763 oum
332 3714 362 3763 b.
381 3711 473 3763 lilio
497 3711 569 3764 Cau.
626 3712 695 3776 Lapa
723 3713 820 3764 Thoria
846 3727 872 3764 c.
896 3715 938 3765 17.
968 3713 1051 3780 (apud
1077 3715 1131 3764 llu-
1154 3735 1158 3741 ·
1197 3750 1200 3755 -

67 3803 156 3864 xiii,
175 3802 220 3852 22.
626 3802 753 3867 dorsfiam
777 3804 805 3852 in
829 3803 982 3854 zeitschrift
1005 3804 1025 3854 i.
1049 3819 1076 3866 p.
1096 3804 1129 3855 ll.

99 3891 241 3941 Postremo
260 3890 323 3940 loeo
341 3889 507 3939 admouendi
528 3902 572 3939 su·
628 3891 672 3943 W.
692 3891 724 3940 Τ.
742 3891 777 3941 X.
792 3907 819 3955 p.
833 3892 894 3942 iou.
909 3893 970 3943 163.
985 3899 1012 3943 et
1029 3893 1131 3943 ibidem

66 3993 149 4037 mus,
186 3980 259 4031 baud
290 3977 404 4028 iortuiio
433 3991 485 4028 ueo
512 3979 573 4028 riae
629 3995 655 4043 p.
676 3980 739 4039 ie,
765 3981 811 4029 ubi
830 3980 923 4030 malim
942 3982 1049 4032 aberret
1066 3987 1130 4031 nota

66 4081 162 4117 ceusu
175 4067 571 4125 inconsuetudinemuenisse‚
628 4069 672 4118 oi.
694 4067 746 4119 Sed
765 4070 798 4119 de
817 4082 847 4119 er
867 4066 958 4132 alias.)

67 4164 96 4207 ut
113 4159 229 4208 iuiosiae
246 4156 386 4221 quaedam
405 4157 573 4206 intercessio·
663 4157 713 4220 ⁸28)
731 4157 796 4209 Vide
810 4173 835 4221 p.
850 4158 909 4209 tta.
923 4164 950 4209 at
962 4173 988 4221 p.
1000 4158 1060 4209 itti.
1071 4171 1129 4221 req.
