3114 5046
446 357 505 420 176
558 353 651 456 Cup.
672 356 705 430 1.
759 352 819 428 De
844 360 929 430 iure
955 379 1115 431 casusne
1145 350 1410 442 Quinctianae.

277 556 413 653 ''ffi-
443 565 510 611 rem
545 546 675 612 dubium
699 551 806 631 atque
833 547 866 608 in
896 547 1090 611 coniectura
1117 549 1220 610 totam
1244 548 1406 629 positam,
1443 565 1508 630 qua

444 688 505 753 par
533 672 599 753 est,
632 668 857 751 uerecundia,
893 669 1005 752 paullo
1027 672 1128 732 antee
1151 662 1508 744 demonstrauimus¹³l.

444 788 551 855 Unum
574 789 638 854 hoc
661 788 770 869 addo,
806 790 908 877 longe
930 791 1081 874 pluribus
1101 790 1214 854 uerbis
1240 791 1410 853 oratorem
1434 790 1508 855 ela-

443 914 562 977 borare
598 916 635 975 ut
663 911 808 998 doceat,
841 912 1029 975 uadimonio
1066 910 1201 975 deserto
1234 909 1507 995 quemadmodum

442 1038 612 1120 aequitate
640 1035 718 1119 uti,
754 1032 989 1098 humanitatem
1026 1035 1162 1119 colere,
1199 1031 1241 1097 de
1273 1035 1346 1097 iure
1382 1053 1508 1098 summo

444 1158 612 1221 remittere
634 1155 782 1220 Naeuius
796 1153 965 1238 debuerit,
989 1172 1084 1238 quam
1100 1157 1136 1218 ut
1151 1152 1373 1219 uadimonium
1389 1153 1509 1219 deser-

443 1282 511 1341 tum
532 1295 607 1342 esse
629 1277 824 1365 redarguat,
849 1280 907 1340 aut
928 1276 1010 1339 iuris
1032 1278 1162 1340 omnino
1184 1275 1264 1340 nllril
1288 1296 1331 1341 ex
1355 1277 1509 1341 uadimo-

444 1401 499 1463 nio
522 1398 657 1463 deserto
679 1398 839 1464 Naeuium
863 1396 1018 1462 habuisse
1041 1392 1252 1475 ostendut¹⁴).

304 1580 412 1614 mos
506 1555 669 1644 Sequitur
699 1559 807 1622 alteru
836 1576 933 1642 pars,
967 1559 1002 1620 in
1032 1574 1096 1641 qua
1127 1574 1187 1639 per
1215 1558 1328 1641 capita
1363 1555 1508 1620 19-27.

350 1662 364 1688 ⁹
445 1681 552 1744 orello
575 1683 737 1744 uersatur.

507 1835 650 1904 Constat
672 1840 756 1904 loeis
777 1841 944 1924 quinque:

507 1961 533 2025 1.
556 1956 710 2042 Quatuor
731 1960 859 2024 illarum
879 1961 1115 2044 clausularum,
1138 1959 1257 2045 quibus
1273 1964 1507 2024 enumerantur

444 2101 581 2166 quorum
604 2083 691 2146 bona
713 2099 733 2145 a
756 2081 978 2147 creditoribus
1003 2080 1166 2166 possideri
1189 2083 1306 2164 liceat,
1329 2082 1424 2146 nulla
1449 2085 1507 2162 est,

444 2206 478 2268 in
502 2222 597 2289 quam
621 2200 797 2283 Quinctius
818 2202 983 2268 inciderit.
1005 2220 1033 2269 e.
1056 2201 1191 2265 19-22.

508 2362 553 2427 ll.
575 2357 614 2426 Si
648 2379 689 2426 ex
718 2360 840 2428 Edicto
873 2362 962 2427 bona
994 2361 1143 2427 Naeuius
1171 2360 1407 2445 possedisset,
1443 2362 1508 2427 suls

444 2484 650 2566 temporibus
679 2485 804 2549 caeteri
833 2483 1020 2549 creditores
1062 2481 1209 2564 Quinctil
1249 2485 1508 2568 conuenissent,

444 2607 533 2670 bone
563 2613 672 2669 autem
707 2607 903 2671 uenilssent.
959 2604 1065 2691 Atqui
1100 2605 1184 2672 haec
1218 2624 1386 2691 nunquam
1420 2606 1508 2671 fucta

443 2729 532 2792 sunt
587 2726 664 2792 Non
694 2730 807 2811 potest
841 2728 945 2815 igitur
977 2727 1126 2793 Naeuius
1156 2729 1244 2792 bona
1281 2724 1431 2807 Quinctii
1467 2745 1506 2791 ex

444 2848 567 2914 Edicto
590 2848 790 2933 possedisse.
814 2867 842 2915 c.
864 2846 916 2907 23.
939 2847 990 2909 al.

508 3008 573 3072 111.
594 3003 677 3072 Sex.
705 3006 822 3072 Alieni
851 3008 956 3091 bona,
992 3028 1090 3092 quum
1120 3008 1208 3073 inter
1237 3004 1401 3074 Sullanas
1430 3028 1509 3094 pro-

445 3130 647 3212 scriptiones
677 3131 809 3212 publiee
843 3131 1016 3212 uenirent,
1048 3129 1196 3194 Naeuius
1225 3131 1312 3194 emit.
1356 3129 1416 3195 Ad
1441 3149 1508 3194 eam

445 3254 643 3336 emptionem
680 3253 805 3316 socium
840 3250 944 3316 edidit
974 3249 1012 3314 P.
1046 3248 1244 3331 Quinctium.
1302 3246 1375 3315 Suo
1411 3254 1510 3340 igitur

445 3372 568 3438 iudicio
595 3375 668 3457 ipse
698 3377 765 3436 lum
794 3372 1025 3454 confirmabat,
1059 3392 1125 3436 non
1154 3391 1230 3437 esse
1252 3373 1342 3436 bona
1364 3370 1510 3454 Quinctii

446 3512 489 3558 ex
511 3493 633 3558 Edicto
656 3512 834 3578 possessa,
856 3513 930 3557 num
948 3512 1038 3576 eum,
1060 3495 1115 3579 qui
1132 3494 1231 3559 bonis
1244 3494 1315 3557 suis
1330 3512 1373 3558 ex
1390 3494 1511 3560 Edicto

447 3617 615 3699 possessis
645 3616 752 3680 lamae
781 3614 1011 3680 detrimentum
1041 3619 1075 3679 et
1098 3617 1192 3699 quasi
1215 3616 1337 3700 capitis
1359 3614 1513 3681 deminu-

446 3738 570 3801 tionem
583 3756 704 3821 passus
714 3737 828 3818 fuerit,
840 3755 935 3801 nemo
947 3738 1035 3801 solet
1046 3739 1172 3802 socium
1184 3737 1247 3802 sibi
1260 3739 1402 3827 eligere.
1425 3758 1455 3806 c.
1465 3737 1513 3807 24.

482 4025 528 4080 13)
547 4023 949 4088 §·8.p.168.ind.nole48.
1008 4028 1070 4090 pilis
1089 4027 1132 4076 18.
1152 4029 1318 4089 uersiculos,
1350 4030 1379 4079 in
1400 4031 1450 4082 illo
1470 4045 1519 4094 per

483 4112 527 4176 li)
547 4116 586 4164 De
604 4116 672 4169 hoe,
703 4129 786 4177 quum
806 4116 951 4165 meledicta
1008 4116 1090 4178 longa
1115 4118 1165 4165 trie
1185 4119 1273 4179 capita
1293 4114 1438 4183 (15-17.)
1458 4134 1519 4170 ore·

448 4205 613 4262 detraxeris,
643 4217 743 4266 paucos
763 4206 887 4254 inuenies
908 4217 951 4254 ce·
1008 4205 1046 4254 tio
1065 4212 1259 4255 commoratur.
