3114 5046
419 361 443 406 Χ

496 502 705 580 Iamdudum
733 524 790 578 me
820 504 935 578 tenuit
967 504 1123 579 studium
1157 509 1310 604 quatuor
1342 501 1483 577 illarum

420 666 641 755 orationum,
686 684 779 763 qnae
813 665 850 736 in
887 662 1009 738 medio
1044 666 1124 738 iure
1159 662 1259 740 ciuili
1294 671 1484 737 uersantur

419 822 611 923 dictaeque
635 830 719 897 sunt
744 821 793 898 de
818 824 961 898 caussis
985 821 1175 914 ciuilibus,
1199 846 1267 924 pro
1287 821 1336 896 Ρ.
1358 819 1481 909 Quiu-

418 984 516 1071 cto,
541 1005 609 1083 pro
637 979 682 1069 Q.
709 980 851 1056 Roscio
878 977 1083 1069 Concedo,
1109 1004 1176 1083 pro
1200 977 1259 1053 Μ.
1288 977 1416 1055 Tullio
1446 986 1485 1054 et

417 1164 485 1243 pro
502 1139 552 1215 A
571 1136 765 1230 Cuccium
790 1164 879 1241 quas
906 1161 1032 1215 omnes
1058 1139 1169 1216 uiden
1196 1139 1242 1214 ab
1268 1137 1483 1214 Editoribus

417 1309 488 1373 tam
526 1298 747 1398 singularum
778 1322 881 1399 quam
911 1299 1129 1375 selectarum
1162 1295 1357 1376 Ciceronis
1395 1322 1483 1374 ora-

416 1460 551 1533 tionum
570 1459 686 1533 rarius
713 1482 819 1558 quarn
839 1467 1006 1535 caeteras
1027 1460 1170 1550 curari,
1197 1460 1392 1558 quinetiam
1412 1480 1483 1532 ue·

415 1616 481 1691 luti
505 1616 674 1693 consulto
693 1615 872 1709 deuitari‚
900 1638 1016 1715 eaque
1040 1638 1128 1693 esse
1150 1620 1321 1692 uniuersa
1343 1627 1483 1708 natura,

415 1785 457 1850 nt
494 1774 824 1853 iureconsultornm
859 1779 980 1878 potius
1018 1801 1121 1876 quam
1161 1776 1485 1853 Grammaticorum

417 1956 563 2037 operam
588 1933 775 2037 posndare
800 1937 929 2011 merito
956 1937 1219 2011 existimentur.

493 2093 571 2168 Eas
597 2096 708 2193 igitur
732 2096 918 2169 orationes
944 2092 1089 2194 selegi,
1128 2118 1219 2193 quas
1245 2096 1378 2197 primas
1406 2096 1483 2169 cri-

416 2254 500 2329 ticis
538 2254 636 2330 curis
672 2253 882 2329 emendatas
917 2256 1254 2351 commentariisque
1287 2256 1485 2328 instructas

416 2410 577 2487 ederem.
631 2412 710 2487 Vix
735 2411 856 2487 audeo
882 2410 1035 2505 dicere,
1063 2410 1185 2487 debeo
1211 2421 1353 2504 tamen,
1383 2411 1485 2487 ulte·

415 2574 491 2645 rins
516 2594 574 2646 me
599 2574 812 2673 prospicere
829 2570 1043 2646 uberrimum
1066 2570 1165 2644 ilium
1188 2573 1297 2661 iuris,
1325 2571 1484 2669 antiqni-

415 2738 547 2821 mrum,
580 2732 734 2804 omnium
759 2729 918 2830 denique
943 2753 1062 2806 rernm
1087 2727 1316 2821 thesaurum,
1348 2726 1486 2803 Verri-

415 2912 508 2979 aor,
545 2889 696 2987 quibus,
734 2891 767 2963 si
797 2910 977 2990 prospere
1004 2889 1165 2961 anterius
1192 2885 1284 2961 illud
1308 2891 1487 2989 proposi·

416 3056 489 3121 inm
510 3048 688 3135 cesserit,
714 3058 789 3119 tum
808 3048 842 3119 si
868 3056 971 3120 aetas
998 3058 1037 3119 et
1061 3047 1161 3121 uiros
1187 3044 1485 3148 suppeditabunt,

415 3202 565 3279 easdem
593 3227 699 3280 curas
725 3205 933 3304 impertiam

492 3431 689 3511 Enimuero
714 3433 854 3537 duplex
886 3432 959 3512 hoc
990 3459 1083 3536 opus
1116 3458 1163 3510 ne
1189 3448 1328 3511 temere
1353 3435 1488 3512 uidear

415 3594 649 3696 suscepisse,
691 3596 938 3695 maximopere
972 3593 1058 3668 mihi
1093 3592 1363 3695 deprecandum
1394 3617 1486 3672 esse

415 3776 462 3829 ae
492 3750 762 3828 defendendum
795 3755 1018 3853 praesentio.
1081 3751 1285 3843 Quinetiam
1314 3776 1486 3829 caussam

416 3932 474 3985 me
499 3908 655 4011 probare
680 3908 817 4003 decet,
856 3934 923 3987 cnr
947 3908 1127 3987 eiusmodi
1156 3936 1281 3986 munus
1309 3912 1486 4012 profitear

416 4066 553 4168 aliquoi
580 4092 695 4145 arrncs
720 4080 828 4145 anim
852 4093 956 4169 quam
982 4068 1158 4170 impleu-
