3114 5046
176 348 211 421 5·
229 342 270 413 8.
298 336 359 411 Δ’.
377 335 442 424 θ’.
461 337 646 411 absentem
666 344 766 409 recte
784 333 992 431 assentatorii
1010 356 1133 406 aecae.
1176 334 1234 396 163

175 529 276 594 licere
286 522 340 604 ³²J:
363 527 496 609 attera,
523 527 552 591 si
575 529 648 610 qula
670 544 744 591 cum
764 526 913 590 absentis
935 522 1115 588 defensore
1138 521 1236 588 uadi·
1256 539 1389 651 ffiss'ss

172 650 315 713 monium
345 648 554 714 contraxerit
580 652 618 712 ta
645 647 822 712 dominam
850 645 1028 711 absentem
1055 645 1236 728 catastam,
1255 657 1345 752 ''32:1⁸ss

173 769 236 835 lroc
258 771 330 855 est,
352 772 389 833 ut
411 770 441 834 is
461 771 556 834 certo
578 768 633 832 dle
654 769 847 847 sisteretur,
869 785 941 831 eam
964 768 1093 831 interim
1117 766 1236 829 iustam

173 889 403 955 defensionem
431 908 526 974 esse,
558 887 755 973 dominoque
784 886 862 953 inde
882 888 1015 954 absenti
1041 889 1091 951 sui
1114 885 1237 951 defen-

173 1011 274 1078 dendi
308 1029 430 1078 caussa
465 1008 704 1096 quodammodo
740 1010 833 1075 diem
865 1012 1074 1098 acquisitam
1105 1008 1234 1094 uideri,

173 1151 233 1200 nec
255 1132 382 1198 diutius
405 1132 529 1198 habere
551 1136 717 1202 actorem,
742 1130 828 1216 quod
851 1133 930 1194 ante
951 1127 1128 1193 uadimonii
1152 1127 1236 1192 diem

173 1257 241 1320 siue
270 1272 293 1319 a
323 1257 543 1339 procuratore
571 1254 643 1316 siue
671 1270 693 1316 a
721 1250 853 1315 domino
877 1249 1083 1315 defensionis
1105 1252 1236 1314 nomine

174 1376 322 1461 requirat
344 1383 401 1439 aut
423 1375 692 1459 praetermissum
718 1391 793 1437 esse
816 1373 935 1436 merito
960 1364 1237 1456 conqueratur³⁸).

232 1531 332 1615 Quae
354 1553 451 1619 quum
474 1535 522 1597 lta
537 1533 620 1617 sint,
643 1510 809 1617 quidhoc
831 1528 964 1596 tandem
987 1530 1061 1595 loco
1084 1529 1238 1594 Horten-

176 1659 239 1720 sius
263 1654 395 1736 habuit,
428 1652 515 1738 quod
545 1655 699 1719 iniustam
722 1651 964 1737 inualidamque
987 1649 1099 1716 dicere
1122 1651 1237 1716 Alieni

177 1776 401 1842 defensionem
424 1765 690 1859 perseueraret?

234 1898 288 1962 De
311 1898 400 1980 iure,
429 1893 636 1981 quodmodo
666 1893 979 1978 demonstrauimus,
1009 1887 1237 1984 repugnavit?

179 2019 245 2083 Non
268 2016 389 2091 credo.
435 2016 483 2082 [le
515 2015 702 2080 uadimonio
732 2016 894 2100 promisso
918 2007 1088 2102 negauit?
1130 2016 1182 2082 Ne
1204 2016 1238 2082 id

180 2139 314 2224 quidem·
374 2136 461 2219 Quid
495 2155 577 2226 ergo
614 2127 698 2201 est?
741 2136 839 2202 Hanc
876 2138 1028 2202 existimo
1065 2139 1238 2204 Hortensii

180 2264 357 2327 orationem
373 2258 666 2342 defensionemque
689 2257 810 2342 fuisse,
832 2263 869 2321 ut
892 2258 1107 2325 uehementer
1129 2279 1238 2349 nega-

179 2389 237 2465 ret,
276 2383 416 2447 liberum
447 2381 574 2446 Naeuio
605 2379 730 2462 fuisse,
763 2384 870 2444 utrum
894 2382 945 2444 ius
966 2401 1059 2446 suum
1085 2384 1238 2466 persequi

179 2523 210 2569 an
234 2503 458 2569 uadimonium
481 2502 524 2566 ab
548 2500 674 2566 Alieno
697 2501 851 2584 accipere
876 2501 998 2567 mallet.
1040 2504 1135 2566 lllum
1158 2522 1238 2576 uero

205 2792 248 2853 tt)
269 2791 301 2839 L.
315 2790 344 2839 5.
364 2786 393 2850 ὅ.
408 2789 435 2837 3.
456 2788 608 2836 iudicatum
625 2786 677 2836 sol·

180 2881 208 2928 ui.
236 2875 392 2940 (Ulpianus)
412 2875 510 2927 «Nunc
529 2875 677 2935 videamus,

179 2968 281 3029 mustis
309 2964 433 3014 defensio
464 2965 606 3025 erigatur,
643 2977 677 3011 ne

179 3054 381 3104 «committatur
399 3051 547 3114 stipulatio,
568 3057 594 3101 et
612 3065 677 3115 qua·

180 3157 255 3191 rrum
286 3153 477 3205 personarum.
520 3140 552 3189 lit
574 3141 596 3189 si
621 3140 678 3202 qui·

180 3231 256 3279 «dem
275 3243 308 3279 ex
327 3229 453 3292 personis
472 3229 636 3277 enumeratis
651 3228 678 3277 in

181 3318 386 3368 «ostensionem
398 3317 458 3379 quis
471 3317 614 3375 succedat,
634 3330 678 3379 pa·

182 3406 248 3456 utam
267 3412 311 3456 est
328 3410 403 3455 recte
421 3418 478 3455 rem
501 3404 609 3454 defendi
627 3418 678 3453 nec

182 3495 327 3544 «commitit
342 3494 556 3556 stipulationem:
577 3493 598 3540 si
612 3504 678 3541 uero

184 3585 365 3632 textrinseeus
388 3595 503 3645 persona
529 3580 678 3631 defensoris

185 3671 381 3728 «interueoiat.
424 3683 512 3733 aeque
543 3670 679 3732 stipulatio

188 3772 250 3808 «noo
267 3759 471 3813 committetur:
493 3759 515 3807 si
535 3759 615 3808 modo
634 3758 678 3807 ille

191 3854 306 3905 ¹{iuratus
326 3849 360 3895 sit
379 3861 436 3896 rem
457 3848 520 3896 boni
540 3848 590 3894 uiri
610 3847 679 3894 arbi·

193 3939 268 3984 stratu
287 3937 449 3994 detondere,
483 3936 534 3984 hoc
552 3941 607 3994 est,
637 3947 677 3983 sa·

202 4024 305 4074 uuam
353 4024 397 4073 Sic
416 4024 488 4072 enim
508 4024 615 4073 uidetur
633 4023 677 4072 de

205 4106 309 4162 isodoro
327 4115 349 4161 si
366 4112 431 4160 satis
445 4112 498 4160 det.
536 4112 677 4161 Caeterum

209 4199 234 4243 ¹⁵i
249 4202 399 4264 simpliciter
418 4205 525 4263 paratus
546 4202 579 4250 sit
598 4202 677 4249 inter-

737 2791 868 2848 «uenire,
902 2791 1143 2843 accuminatur,
1166 2804 1238 2840 com-

737 2877 879 2928 «mittetur
897 2879 946 2927 ista
971 2878 1107 2942 stipulatio
1126 2881 1161 2929 ob
1181 2893 1238 2929 rem

737 2980 814 3014 «nou
845 2965 994 3015 defensam.
1035 2964 1113 3026 Qtsod
1131 2971 1154 3018 si
1180 2973 1239 3031 quis

737 3068 818 3103 soum
841 3055 884 3102 uel
910 3069 967 3104 oum
995 3056 1171 3126 satisdatione
1199 3059 1239 3107 uel

737 3143 813 3192 ssine
825 3144 999 3194 satisdatione
1011 3146 1159 3198 admiserit,
1176 3161 1238 3196 con·

736 3243 877 3293 «sequens
907 3234 956 3282 erit
987 3233 1096 3293 dicere,
1128 3235 1237 3299 stipula-

736 3333 749 3362 «
759 3319 840 3368 tionis
852 3321 927 3369 istius
937 3322 1039 3371 nullam
1051 3328 1152 3384 partem
1166 3336 1238 3374 oom-

736 3408 844 3465 nmitti;
872 3410 936 3470 quia
959 3410 1010 3457 siti
1035 3412 1169 3473 imputare
1189 3411 1237 3476 (al.

737 3495 894 3557 «imputaril
924 3497 998 3547 aeta
1024 3500 1071 3560 aiii
1094 3498 1140 3560 (al.
1162 3499 1237 3564 quia)

737 3583 838 3631 ntalem
864 3584 1024 3645 defensorem
1047 3588 1185 3637 admisit.»
1208 3613 1235 3624 -

736 3670 814 3720 Cous·
841 3673 871 3724 L.
899 3673 924 3721 3.
963 3677 999 3723 De
1022 3674 1235 3726 fideiussoribus.

737 3760 764 3807 L.
804 3763 844 3808 10.
887 3757 914 3821 ᾗ.
946 3764 970 3810 i.
1025 3763 1076 3824 Qui
1108 3766 1237 3813 satisdare

737 3855 876 3906 cogantur.
927 3850 954 3897 L.
984 3851 1026 3900 45.
1055 3866 1095 3914 pr.
1141 3855 1171 3902 L.
1191 3854 1234 3902 dl.

735 3937 773 3983 lle
793 3941 1021 3997 procuratoribus.

769 4023 814 4083 38)
835 4025 934 4075 Vereor
953 4041 986 4076 ne
1000 4030 1120 4090 putidum
1141 4032 1186 4089 sit,
1209 4033 1234 4079 in

735 4126 764 4159 rc
784 4116 924 4175 perspicua
949 4118 1028 4164 etiam
1052 4119 1234 4167 testimonium

735 4207 894 4265 extorquere
913 4204 976 4267 Legi
995 4205 1020 4254 3.
1060 4206 1098 4254 lte
1118 4207 1232 4257 indiciis.
