3114 5046
170 573 249 611 Exitus.

341 365 400 426 168
447 359 542 461 Cep.
565 360 600 435 I.
653 360 715 436 De
740 365 826 437 iure
852 385 1012 438 euussec
1042 360 1307 448 Quinctianae.

338 555 488 619 extiterit
496 549 556 638 ⁴⁸);
577 551 611 616 id
634 571 714 616 nero
738 554 771 616 in
791 550 853 618 line
868 557 1050 632 temporum
1066 552 1225 617 distantia
1240 554 1403 619 alterius-

338 696 402 761 que
432 679 559 741 tuntum
586 678 718 760 petroni
748 675 944 739 defensione
974 677 1158 740 instructus
1190 693 1260 739 non
1292 674 1402 739 nudco

338 815 445 882 neque
467 797 632 863 affirmare
653 815 762 881 neque
785 815 920 883 negare.

169 987 319 1085 ung-am..
402 958 471 1020 lum
502 958 719 1041 pertractetis
746 958 835 1020 unde
865 957 1056 1040 sponsionis
1083 954 1262 1042 iudiciique
1300 960 1403 1041 copul

339 1082 373 1142 et
394 1098 518 1142 summe
541 1079 719 1144 constabat
741 1068 843 1156 (sunt
859 1078 925 1141 olis
940 1076 1069 1163 quidem
1086 1082 1263 1163 praeterea
1278 1077 1403 1144 deien-

336 1201 441 1264 sionis
463 1198 678 1281 adminiculo,
713 1204 749 1263 ul
775 1218 815 1263 en
836 1200 963 1264 leuiore
985 1218 1026 1265 ne
1048 1200 1196 1265 breuiter
1216 1201 1323 1264 solum
1345 1203 1403 1265 in-

336 1319 442 1385 terius
473 1311 772 1404 perstringendo),
808 1324 837 1385 si
869 1319 1052 1415 tantone
1085 1340 1137 1387 me
1169 1323 1403 1406 quaesiueris,

337 1448 413 1507 uter
434 1443 588 1526 superior
610 1440 822 1527 discesserit,
856 1440 1032 1523 Quinctius
1053 1461 1096 1507 nn
1118 1442 1282 1524 Naeuius,
1308 1442 1403 1507 inte-

338 1564 399 1628 bor
420 1582 471 1627 me
494 1565 625 1628 nescire
633 1556 690 1640 ’θὶς
723 1565 751 1627 si
774 1567 862 1629 scire
884 1565 1047 1650 uolueris,
1069 1567 1144 1628 nter
1166 1563 1301 1652 dignior
1322 1564 1403 1628 iue-

369 1813 416 1876 lill
435 1812 839 1875 Quinsrrstionemhulnsors·

335 1902 416 1951 denis
430 1905 467 1959 (c.
481 1902 576 1962 ³-e.,
596 1903 742 1964 praecipue
760 1915 784 1951 e.
798 1899 838 1964 d.)

335 1994 435 2040 sitente
453 1990 675 2054 perlustranerit,
701 1991 839 2053 haudqua-

335 2092 417 2142 quam
428 2079 736 2139 incredibileindicsbit,
757 2092 838 2128 unsm

335 2167 486 2216 nltersmne
519 2180 577 2216 rem
614 2168 642 2216 in
673 2179 706 2216 en
743 2180 838 2216 esnsss

335 2255 468 2305 Naeuium
479 2256 624 2314 malitiose,
636 2255 749 2304 fortusse
757 2256 838 2303 etinm

331 2344 475 2409 perfidiose
491 2345 591 2406 egisse.
633 2345 719 2403 Num,
748 2349 778 2393 nt
795 2356 839 2392 er·

335 2433 426 2494 empto
451 2438 527 2493 ntur,
557 2433 628 2494 quod
653 2432 747 2482 Cicero
766 2446 839 2480 sum·

336 2522 386 2570 mis
407 2522 510 2570 uiribus
529 2521 667 2570 contendit
687 2519 799 2583 (uidesis
813 2533 837 2568 c.

334 2610 360 2659 tl.
382 2610 425 2658 1s.
444 2609 488 2658 18.
502 2610 546 2659 27.
561 2608 636 2670 28.),
657 2610 840 2658 uadimonium

336 2696 464 2759 Quinctio
500 2711 613 2758 prorsus
644 2697 748 2745 necllum
780 2711 839 2745 cum

334 2785 436 2834 Naeuio
454 2785 553 2847 fuisse,
573 2786 639 2834 mihi
654 2787 763 2849 quidem
780 2799 839 2849 per·

334 2889 444 2924 sussum
463 2881 519 2932 est,
551 2875 703 2934 Naeuium,
732 2875 778 2936 qni
795 2888 838 2923 ex·

333 2965 469 3013 sctissimn
497 2964 637 3024 diligentia
663 2963 836 3025 procideret,

334 3059 363 3100 nt
376 3053 474 3101 tubulis
487 3065 518 3101 nc
535 3052 662 3110 testibus,
684 3049 838 3110 Quinctium

334 3154 387 3188 uon
405 3142 502 3188 stitisse
516 3145 540 3188 et
552 3153 579 3186 se
591 3141 703 3190 stitisse,
725 3139 837 3202 planum

334 3228 424 3278 lacere
447 3234 536 3290 posset
561 3225 602 3290 (d.
623 3241 646 3276 c.
668 3227 724 3288 6.),
756 3226 837 3276 simul

335 3324 438 3366 certum
458 3317 557 3376 luisse,
578 3317 753 3377 depressisse
772 3329 838 3378 quo·

335 3419 387 3466 quie
407 3406 564 3453 uadimonio
590 3417 618 3452 sc
643 3405 836 3466 probaturum,

335 3506 423 3555 neque
437 3506 499 3541 eum
512 3494 634 3547 latuisse,
650 3493 838 3541 uadimonium

335 3582 387 3630 nisi
407 3583 569 3643 promissum
582 3582 664 3630 deseri
678 3595 732 3630 non
746 3593 836 3642 posse.

334 3670 404 3732 Quid
418 3676 509 3717 nutem
527 3671 548 3717 si
568 3670 639 3732 quod
655 3683 746 3719 coram
766 3669 838 3717 testi·

334 3760 384 3807 bus
396 3758 648 3819 NaeuieQninctins
659 3758 836 3820 promisisset,

334 3849 405 3896 inter
429 3848 543 3909 parietes
569 3847 631 3902 ille,
660 3849 770 3895 nemine
791 3859 837 3893 nn-

333 3936 440 3994 diente,
469 3935 623 3991 remiserit,
652 3936 732 3997 idque
751 3934 837 3982 credi-

335 4023 389 4073 bile
407 4024 535 4086 quidem,
556 4029 583 4071 al
601 4036 654 4072 uon
675 4037 705 4071 ex
725 4023 837 4071 iudicio·

334 4126 394 4161 rum
411 4125 486 4160 more
515 4111 625 4174 pinnum
652 4110 752 4160 loetum
780 4111 836 4159 ine·

334 4203 388 4249 rili
406 4201 476 4262 Quid
491 4202 512 4248 si
529 4200 603 4249 aliud
617 4200 756 4262 quidpiam
770 4200 834 4249 Nae·

897 1815 972 1863 nium
991 1818 1037 1863 snt
1056 1813 1154 1864 dixisse
1172 1818 1219 1863 snt
1237 1813 1336 1864 iecisse
1356 1827 1401 1878 sp·

896 1903 1030 1966 paruerit,
1050 1916 1104 1966 qno
1126 1902 1260 1966 probabili
1281 1904 1402 1966 quedam

896 1991 976 2040 modo
1009 1990 1037 2039 in
1064 2004 1140 2053 spem
1171 1991 1304 2041 nddnetns
1331 1997 1401 2042 esset

895 2078 1055 2141 Quinctius,
1075 2078 1152 2138 lore,
1177 2085 1207 2129 nt
1226 2080 1259 2129 de
1279 2080 1401 2131 uadimo-

894 2168 941 2217 nio
960 2173 1100 2217 contrecto
1117 2169 1222 2218 absenti
1239 2169 1291 2218 sibi
1305 2181 1321 2218 s
1334 2169 1402 2219 Nee·

895 2257 941 2305 nio
974 2257 1161 2318 indulgeretur
1197 2270 1248 2306 nec
1286 2257 1400 2320 periculi

894 2344 1042 2407 quidquem
1062 2347 1233 2394 strueretur?
1254 2371 1282 2381 -
1323 2345 1400 2407 Quod

894 2433 916 2481 si
948 2433 1009 2494 quis
1034 2433 1229 2482 existimauerit
1259 2432 1401 2484 Ciceronis

895 2522 981 2582 magis
999 2528 1154 2571 commento
1172 2534 1254 2585 qnam
1272 2523 1314 2572 rei
1331 2523 1401 2573 neri·

894 2614 949 2659 tate
964 2611 1113 2660 consistere
1134 2608 1171 2671 (id
1194 2623 1261 2660 nero
1284 2611 1400 2674 pruden-

894 2703 935 2747 ter
955 2698 982 2746 in
1002 2699 1105 2748 incerto
1118 2699 1246 2761 relinquit
1260 2699 1400 2749 listinien-

894 2799 962 2838 nus‚
985 2786 1092 2835 linndb·
1113 2787 1139 2836 d.
1154 2786 1210 2836 Cir.
1226 2788 1305 2837 Proc.
1316 2784 1345 2849 Q.
1356 2786 1398 2837 26.

895 2889 921 2936 p.
941 2872 1033 2936 283.),
1059 2874 1166 2924 incilins
1190 2881 1282 2925 tumen
1301 2889 1400 2926 conne-

895 2962 964 3021 niet,
996 2965 1115 3026 potuisse
1143 2963 1278 3014 Naeuium
1304 2971 1330 3015 et
1349 2965 1400 3016 llo·

894 3065 955 3100 mne
974 3052 1047 3100 etin
1066 3050 1155 3101 Gsllin
1182 3053 1348 3103 inuidiosius
1363 3059 1400 3104 nl·

894 3152 965 3202 que,
995 3141 1064 3189 ultre
1084 3153 1165 3203 quem
1185 3142 1276 3190 uirum
1298 3143 1400 3192 bonum

894 3228 1024 3276 adversus
1044 3230 1228 3292 propinquum
1252 3243 1286 3279 nc
1308 3243 1413 3280 neces·-

894 3317 995 3364 ssrinm
1013 3316 1108 3376 decet,
1123 3330 1230 3367 summo
1240 3318 1302 3368 inre
1311 3321 1401 3380 egisse

895 3404 998 3464 uideri,
1028 3380 1150 3468 adeoque
1169 3406 1313 3468 indignum
1333 3407 1403 3457 indi·

894 3493 960 3552 cari,
975 3493 1018 3541 eni
1030 3494 1058 3542 in
1068 3493 1191 3542 eiusdem
1202 3506 1316 3546 caussae
1326 3501 1403 3559 parts

894 3581 949 3629 ulln
963 3588 1056 3630 eontra
1070 3582 1191 3631 strictum
1205 3582 1248 3631 ins
1261 3595 1294 3633 ex
1313 3597 1402 3648 nequo

894 3674 920 3717 et
940 3669 1011 3717 beno
1030 3677 1242 3720 succurreretur.

927 3756 974 3809 to)
993 3756 1047 3804 Alii
1066 3759 1135 3807 seire
1154 3772 1183 3807 se
1197 3759 1313 3822 professi
1328 3767 1401 3821 sunt,

895 3843 978 3892 ueluti
991 3845 1047 3895 ll'ic.
1062 3845 1217 3908 Desjnrdins
1226 3846 1402 3910 (inEdilione

894 3930 1068 3992 Oreticum,
1100 3933 1212 3984 Parisiis
1233 3936 1315 3987 1738.
1341 3935 1400 4002 4.),

894 4020 939 4082 qui
958 4021 991 4069 nd
1016 4022 1119 4071 calcem
1138 4022 1301 4085 Argumenti
1320 4027 1402 4077 huius

894 4109 1024 4160 orationis
1036 4110 1105 4159 hnec
1124 4114 1269 4174 apposuit:
1291 4115 1401 4164 oEuen·

895 4200 959 4243 otus
972 4195 1023 4256 fuit
1033 4196 1114 4260 felini
1134 4199 1258 4250 liberato
1276 4202 1401 4262 Quinctio
