3114 5046
325 377 385 439 188
438 374 533 476 Cup.
551 377 586 450 1.
639 374 700 452 De
725 381 810 452 iure
836 401 996 453 caussae
1024 377 1277 466 Quinctianae

186 584 219 610 ν·
236 574 292 612 ²¹³·-
323 568 441 630 mIsero
463 567 520 630 illo
542 567 679 649 loouno,
716 586 801 651 qrroe
822 569 911 632 inter
932 570 1044 652 cupito
1070 565 1122 630 2⁷.
1145 571 1180 632 et
1201 565 1278 631 'iii-i

322 687 428 771 cedit,
451 688 685 772 propemodum
709 685 960 772 expleretur⁴⁵).

383 808 482 876 Nunc
504 812 551 873 uti
580 828 636 874 res
665 814 734 891 est,
768 811 803 874 in
832 812 925 876 luero
954 812 1198 896 reputabimus,
1235 830 1278 897 qu

322 934 536 1014 peroratione
558 932 742 996 inuenimus
764 950 825 1016 per
846 931 986 998 indicem
1011 935 1175 1017 repetito:
1197 951 1272 997 non

321 1054 371 1117 eis
392 1052 483 1119 hisce
505 1054 680 1118 uersiculis
708 1055 989 1120 circumscribitur
1017 1057 1122 1119 omnIs
1144 1055 1278 1143 cogniti

321 1179 402 1239 stro
443 1175 515 1240 Nec
537 1176 672 1262 longum
695 1178 747 1239 est
769 1177 923 1263 integros
945 1175 1113 1241 exhibere.

384 1367 413 1415 o.
433 1346 485 1412 29.
507 1396 515 1414 .
539 1395 578 1413 ..
612 1345 759 1416 Omrrtuo
782 1357 901 1416 autem
922 1350 1012 1417 douo
1032 1370 1193 1436 possessa
1215 1370 1278 1417 uos

384 1475 568 1537 constitut:
600 1472 689 1560 quood
719 1471 885 1538 bononem
911 1478 1082 1560 possessio
1110 1477 1278 1560 spectetur

384 1598 423 1658 tu
443 1592 563 1682 aitpoa
589 1598 693 1680 purte
721 1594 784 1659 sed
810 1599 848 1659 tu
868 1598 1061 1683 urrtuersts,
1094 1598 1278 1683 praetem

383 1714 555 1800 possideri
585 1718 731 1801 possint.
783 1712 890 1799 Dm,
919 1714 1052 1780 Romae
1084 1715 1224 1781 domum
1254 1712 1278 1801 fi

385 1854 449 1924 quo
470 1840 538 1902 iste
559 1853 603 1900 oe
629 1836 825 1922 udsptrurtt
846 1839 984 1926 quidem
989 1857 1001 1922 ,·
1022 1855 1143 1903 seroros
1172 1855 1278 1923 compr

384 1976 431 2022 eu
463 1956 584 2047 ‹pridus
610 1961 678 2022 tste
704 1958 899 2043 possederit
928 1962 1118 2047 nemiuem,
1154 1976 1199 2023 ue
1222 1962 1278 2024 ott

383 2078 540 2167 quidem:
562 2096 671 2143 uorum
689 2077 816 2168 fiisse,
840 2097 938 2167 quem
960 2084 1135 2166 utttupere
1151 2083 1278 2145 eorrutu

382 2196 595 2284 prohibitum
614 2195 742 2287 firmse,
773 2203 954 2289 quieutsse.
1006 2197 1050 2265 Iu
1071 2205 1151 2287 tpsu
1176 2196 1278 2268 Garri

382 2324 516 2406 prrostts
537 2325 575 2385 tu
594 2321 743 2406 praedia
764 2327 909 2407 priuato
927 2320 1082 2404 ertrtctti
1100 2319 1188 2388 sex.
1204 2318 1278 2388 Nur

384 2460 454 2506 που
485 2447 633 2507 uurtsse.
677 2439 833 2531 Derrtpue
863 2461 909 2506 em
939 2441 1004 2507 troc
1029 2447 1105 2528 tpso
1132 2443 1247 2532 saltu,

382 2583 447 2647 per
471 2567 545 2629 utm
575 2563 721 2650 euputso
748 2568 840 2628 sooto
871 2563 1041 2650 possedit,
1074 2582 1194 2629 seruos
1222 2570 1278 2651 pri

386 2682 542 2766 Quirrcttt
563 2704 633 2750 που
655 2703 772 2750 omues
794 2690 920 2749 etectos
943 2704 1027 2750 esse.

383 2858 478 2924 Haeo
511 2860 608 2939 sunt,
639 2857 757 2941 quibus
790 2857 933 2940 probare
968 2855 1067 2922 iudici
1100 2852 1219 2923 Cicero
1245 2861 1278 2922 st

321 2979 500 3062 Naeuium,
520 2995 716 3063 quocunque
738 2980 828 3064 lure,
851 2983 887 3040 ut
911 2978 997 3042 bono
1013 2975 1160 3059 Quinctii
1182 2980 1278 3063 possi

355 3322 401 3385 ⁴5)
421 3323 503 3372 Recto
527 3320 664 3370 scrutares
692 3319 820 3368 adnotet:
879 3321 943 3369 sotio
970 3333 1117 3383 mgnum,
1154 3322 1228 3371 iuter
1265 3335 1278 3373 o

322 3410 540 3461 «Desidersntur
557 3409 601 3458 hic
620 3408 731 3468 omnia,
751 3420 822 3471 quse
878 3409 993 3469 opinor,
1025 3410 1165 3460 oouuouit.
1218 3409 1278 3462 Nau

322 3499 377 3550 ssd
412 3503 492 3560 eaput
531 3497 682 3561 partitionis
713 3496 822 3546 tertium
876 3495 1035 3546 Klotziouoe
1062 3497 1201 3547 Editiouis
1232 3511 1278 3549 eur

323 3585 529 3652 «pertinebant,
549 3587 576 3635 iu
596 3599 649 3649 quo
668 3589 759 3634 orator
777 3583 823 3634 do·
877 3584 947 3632 ciem
960 3597 1020 3633 esse
1030 3586 1237 3648 animaduerto,
1260 3600 1278 3652 q

324 3671 822 3733 smonsrrsuotuoeurumuonaQuin·
878 3687 963 3722 unum
987 3675 1096 3736 quidem
1117 3675 1169 3724 hoc
1190 3675 1278 3727 locor

322 3765 389 3814 «etii
413 3776 467 3813 oon
493 3763 659 3825 possedisse,
686 3771 740 3810 uua
759 3773 821 3809 oum
878 3761 1060 3817 desideretur,
1094 3764 1166 3813 maio
1194 3766 1279 3828 equid

323 3851 479 3914 «principio
488 3850 623 3913 epilogio,
643 3853 723 3911 atque
737 3845 820 3909 (com·
879 3850 1014 3910 potueram
1039 3864 1168 3902 accusare
1197 3867 1278 3917 quam

322 3938 401 3989 modo
423 3937 567 4000 addiderit)
595 3936 722 3986 finalibus
748 3938 820 3998 cupi·
878 3937 960 3996 dero,
980 3938 1072 3987 Virum
1087 3940 1213 4002 doctum,
1234 3956 1278 4006 qm

322 4029 355 4078 tis
377 4026 489 4076 secundi
513 4026 613 4075 uerbis.
641 4049 675 4058 -
702 4023 742 4072 ue
762 4037 821 4086 por·
879 4024 939 4073 luce
958 4026 1058 4075 clarius
1077 4034 1165 4087 esser,
1200 4044 1257 4080 uon

323 4117 389 4165 tium
402 4114 537 4163 diuisione
551 4119 642 4176 poster
657 4112 819 4162 uidebimus.
879 4119 924 4162 out
943 4121 1036 4163 contra
1064 4117 1190 4165 omnium
1219 4131 1278 4168 eom

322 4205 460 4253 Lacunam
489 4214 554 4252 uoro
584 4214 666 4261 osso,
706 4213 821 4264 eamque
879 4208 979 4253 temere
998 4215 1031 4252 sc
1050 4205 1131 4255 recito
1151 4206 1278 4259 reiecisse
