3114 5046
656 1014 691 1103 S.
715 1020 750 1086 4.

469 1215 683 1286 Suiseeiuae
708 1221 936 1308 quaestiones.

231 1395 346 1462 ano
368 1397 445 1463 loeo
465 1398 552 1462 ratio
574 1399 637 1461 erit
666 1394 855 1483 reddenda,
888 1413 949 1462 eur
978 1397 1231 1485 negauerimus,

170 1517 260 1603 quod
283 1518 433 1603 plerique
456 1537 569 1583 omnes
589 1524 699 1583 tamen
721 1518 928 1602 statuerunt,
955 1536 1082 1583 carneo
1111 1523 1230 1603 comet-

171 1645 208 1705 ta
241 1639 445 1728 redditoque
474 1640 611 1705 demeto
640 1637 864 1726 Praetorem,
899 1642 940 1703 ut
968 1639 1058 1703 ionia
1088 1644 1231 1725 propter

171 1761 398 1846 mpradtetaa
418 1760 501 1827 titas
524 1779 669 1828 caussae
688 1760 965 1848 possiderentur,
998 1758 1117 1824 iubere
1143 1758 1230 1825 aoli-

172 1885 246 1946 tum
267 1899 354 1947 esse.

235 2057 408 2141 Quaenam
438 2059 541 2146 igitur
569 2061 667 2145 aunt,
704 2060 822 2143 quibus
856 2077 944 2149 mooe
979 2055 1133 2124 Praetor
1167 2078 1231 2145 pro
1264 2081 1394 2149 euua-

172 2179 343 2245 trtiunoii
373 2185 449 2267 anit
480 2186 685 2270 comitiaque
718 2200 845 2246 carneo
876 2179 1048 2270 decentii,
1091 2182 1231 2245 maxime
1249 2147 1319 2192 ω’

174 2297 406 2366 discernantur
434 2302 476 2367 ab
508 2304 567 2380 iis,
602 2320 691 2392 meae
720 2301 763 2366 de
793 2302 899 2391 planto
929 2300 1022 2389 fiunt
1055 2305 1155 2386 nique
1185 2321 1231 2367 ea·

175 2421 294 2486 ordine
326 2426 439 2509 mauis
472 2427 624 2511 terrisonae
656 2422 854 2489 celebrandi
888 2444 1015 2491 causeo
1058 2441 1154 2509 quam
1190 2423 1230 2489 oi

178 2546 447 2608 eordrouersiam
468 2544 700 2610 dirimendam
720 2562 742 2609 a
762 2543 926 2610 Praetore
948 2535 1135 2629 petuntur?

233 2718 414 2783 Enimuero
441 2719 485 2784 ad
512 2723 630 2785 iustam
657 2739 797 2787 caussae
825 2722 1049 2808 cognitionem
1071 2725 1137 2785 tam
1160 2724 1231 2786 iure

181 2839 259 2902 eiuiii
284 2858 379 2923 quam
403 2844 562 2905 communi
585 2841 798 2907 humanitatis
818 2845 948 2908 ratione
970 2842 1232 2927 nihiiantiqnius

182 2964 240 3040 est,
278 2978 374 3044 quam
397 2966 434 3026 ut
456 2982 591 3046 quorum
614 2965 823 3052 tangitur,
856 2966 1044 3049 priusquam
1067 2963 1232 3030 decerna-

184 3086 243 3165 inr,
265 3083 454 3167 plenissime
483 3085 685 3150 audiantur.
729 3085 779 3150 At
801 3105 881 3150 uero
910 3087 1061 3169 exsules,
1096 3087 1231 3172 mortni,

184 3205 268 3284 quine
291 3205 425 3270 latitant
448 3209 506 3269 aut
526 3207 670 3291 absunt,
692 3206 855 3290 quomodo
878 3210 1036 3292 poterunt
1057 3200 1190 3272 audiri?

235 3380 389 3446 Alterum
411 3387 478 3469 est,
501 3384 539 3447 ui
560 3401 603 3448 ex
625 3382 718 3449 facto
740 3385 979 3472 inuestigetnr‚
1000 3383 1088 3469 quod
1111 3392 1232 3468 postu-

181 3499 259 3565 iaiur
280 3521 301 3567 a
322 3502 502 3589 Praetura,
535 3507 642 3567 utrum
666 3505 755 3583 inre,
778 3505 868 3592 iege,
891 3504 1030 3584 Edicto,
1062 3509 1232 3590 nequitate

181 3619 305 3687 decerni
338 3627 432 3688 reete
461 3625 568 3709 possit
597 3642 639 3688 an
669 3642 788 3696 secus:
828 3626 931 3689 ueiuti
964 3644 1036 3692 eum
1066 3624 1108 3690 de
1136 3628 1233 3692 bonis

180 3743 330 3828 alieuius,
367 3746 443 3829 quia
475 3744 695 3809 fraudationis
727 3764 847 3810 oanssa
879 3747 989 3810 latitet
1022 3752 1079 3810 aut
1108 3748 1232 3812 absens

182 3882 238 3927 non
260 3865 483 3938 defendatur,
506 3865 718 3950 possidendis
732 3872 871 3955 agatur,
896 3867 1048 3932 Praetori
1065 3886 1232 3952 quaeren-

183 3984 351 4066 demerit,
388 4007 464 4050 num
487 3989 615 4071 latitet,
650 4007 726 4052 num
758 3990 866 4075 absit,
904 4008 980 4053 num
1013 3988 1232 4072 defendatur3

185 4126 257 4189 quae
277 4113 374 4193 prout
401 4110 598 4198 cognouerit
622 4128 660 4174 se
682 4108 821 4190 habere,
853 4112 911 4173 aut
934 4109 1122 4175 redditurus
1144 4108 1231 4194 quod
