3114 5046
320 372 381 435 iiiii
436 368 536 471 Gap.
549 370 584 445 1.
636 368 698 444 De
719 371 805 445 iure
832 392 994 444 caussae
1021 367 1274 457 Quinctim

167 574 290 614 *muno
319 579 434 626 omnes
455 562 585 625 omnino
606 578 663 627 res
679 560 773 646 quasi
790 577 887 625 manu
901 557 1205 644 adprehendisset,
1228 578 1274 644 pn

319 685 501 771 negaretur
521 681 564 747 ed
587 680 697 747 ssdicti
720 699 872 748 caussam
892 685 987 748 recte
1009 680 1214 767 possedisse.
1254 681 1274 748 i

320 823 417 888 quum
439 805 600 890 uestigia,
624 821 709 888 quae
731 806 930 886 supersunt,
956 796 1162 886 respicio⁴⁷),
1185 802 1275 867 mult

319 926 375 1011 gis
395 924 471 988 mihi
494 923 652 989 uidentur
681 925 729 989 illi
749 925 880 989 nimiam
908 923 1109 989 creditorum
1131 941 1275 1009 possess·

320 1066 385 1132 que
425 1048 641 1131 asperitatem
674 1047 824 1110 timuisse
862 1064 957 1130 quum
997 1044 1203 1111 adstrictiori
1243 1063 1275 1131 qt

320 1169 545 1254 possessionis
566 1166 776 1233 exercendae
798 1167 929 1232 ratione
952 1185 993 1232 eo
1015 1183 1083 1231 rem
1107 1165 1275 1250 perduxist

321 1290 530 1377 indulgentia
552 1290 586 1353 et
608 1287 796 1353 humanitas
817 1289 851 1351 in
874 1289 1052 1372 perniciem
1068 1287 1275 1354 creditoribu

322 1414 420 1476 teret.
462 1409 526 1476 Vei
549 1411 678 1474 minime
699 1412 809 1474 autem
831 1412 913 1493 puto
937 1408 1044 1473 teneri
1067 1409 1125 1494 iis,
1147 1411 1204 1494 qui
1217 1409 1275 1494 ipa*

321 1551 435 1598 rumne
458 1535 695 1618 procuratores
713 1531 777 1594 uim
799 1528 1029 1614 adhibuerint,
1052 1531 1226 1614 quominus
1238 1547 1276 1596 cr

322 1654 527 1720 aPraeiore
549 1655 659 1718 iussus
687 1651 775 1716 bona
798 1649 1005 1735 possideret,
1040 1649 1161 1716 deinde
1183 1649 1272 1718 hano

323 1777 453 1860 cuipam
474 1776 509 1840 in
531 1773 681 1840 fraudem
702 1771 903 1859 aduersarii,
941 1771 1029 1857 quod
1056 1773 1164 1836 minus
1185 1774 1276 1838 recte

323 1896 486 1982 sedisset,
516 1900 738 1980 contorquere
769 1892 945 1957 noluerint.
1000 1891 1113 1958 'l'aiem
1135 1911 1217 1957 uero
1240 1888 1276 1974 0

324 2035 475 2084 caussam
496 2017 621 2102 fuisse,
648 2034 745 2100 quum
768 2013 911 2079 Praetor
931 2012 1093 2079 Naeuium
1116 2013 1276 2098 possideo

357 2357 404 2423 tt)
428 2359 460 2409 1..
480 2359 523 2410 13.
564 2358 605 2409 De
631 2357 690 2408 reb.
720 2362 825 2407 auctor.

326 2449 380 2500 iud.
390 2462 434 2513 po.
443 2444 551 2509 (Gaius)
565 2447 712 2509 «Quamuis
722 2458 827 2510 posses·

326 2550 378 2587 «aa
398 2551 454 2589 non
472 2537 526 2586 sini
551 2536 638 2596 bona,
670 2536 734 2600 quia
758 2534 827 2584 iorte

326 2626 416 2676 «nihii
448 2624 529 2676 iuorit
556 2624 627 2689 quod
659 2623 828 2687 possideatur

326 2720 397 2765 aaut
429 2715 489 2763 aine
519 2713 705 2763 controuersia
737 2707 827 2774 [non]

328 2803 536 2867 «possideaturr
568 2800 698 2862 creditor,
729 2799 775 2863 qui
799 2799 828 2847 in

327 2892 546 2956 nposaeasionem
573 2890 672 2938 missua
697 2893 758 2948 est,
784 2898 829 2951 pc·

327 2981 426 3031 oriude
444 2980 559 3030 habetur
575 2991 609 3027 ac
626 2978 650 3026 ai
668 2977 750 3026 otiam
770 2988 829 3038 pos·

327 3082 423 3119 ascesa
443 3068 514 3118 bona
532 3065 675 3116 fuissent.»
695 3087 726 3099 -
749 3061 827 3112 Comi.

328 3158 358 3206 i..
387 3157 430 3206 12.
459 3152 488 3217 ὃ.
514 3155 540 3204 2.
572 3153 633 3203 eod.
671 3148 829 3215 (Pontius.)

329 3245 378 3295 osi
398 3250 507 3307 propter
523 3248 648 3292 naturam
666 3241 724 3300 rei,
744 3238 829 3289 uoluti

329 3334 373 3383 «ai
404 3332 544 3396 praedium
583 3330 744 3380 inundatum
774 3327 829 3388 ait,

330 3426 398 3470 aaut
406 3425 515 3483 propior
526 3420 661 3469 latronum
671 3416 828 3481 potentiam,

331 3522 409 3557 anon
438 3513 525 3570 potest
563 3506 719 3571 possideri:
757 3509 831 3554 recto

331 3596 453 3645 «dicitur
483 3609 537 3645 non
562 3608 622 3645 esse
647 3592 719 3657 quod
747 3592 832 3655 possi-

332 3684 476 3732 ndeatur.»
505 3709 532 3718 -
571 3682 655 3732 Porro
685 3681 832 3742 respiciem-

331 3772 396 3821 dum
422 3771 508 3821 Edicit
537 3776 618 3834 capot
643 3769 727 3828 iliud,
760 3770 831 3831 quod

332 3858 424 3923 pauiio
449 3865 528 3910 autea
555 3857 674 3921 (p.187.
701 3861 757 3907 not.
776 3852 834 3918 43.)

332 3962 364 3998 οι
382 3949 512 3998 orationis
525 3948 613 4010 eapite
625 3947 670 3996 27.
683 3944 833 4003 attulimus,

333 4037 378 4086 ubi
399 4036 488 4099 quiuis
511 4036 751 4085 animaduersuros
775 4037 832 4091 est,

332 4125 488 4174 Praetorem
505 4124 540 4174 de
552 4123 714 4186 possidendo
724 4121 832 4182 permit·

883 2359 1055 2421 teremagis,
1084 2357 1184 2408 deinde
1205 2355 1277 2407 modo

883 2461 996 2512 ponere,
1012 2446 1096 2497 nimia
1107 2452 1212 2506 uetare,
1223 2459 1277 2510 qua

887 2537 1085 2587 atriotisaimam
1105 2535 1277 2597 singularum

884 2640 930 2676 um
959 2639 1051 2675 rerum
1082 2624 1277 2687 possessiouem

885 2714 1048 2764 incitauerit.
1073 2736 1104 2747 -
1141 2711 1277 2763 Caeterum

885 2803 916 2851 L.
935 2803 978 2851 13.
999 2815 1053 2852 non
1067 2800 1153 2859 iliud,
1173 2802 1278 2863 quodu

885 2888 970 2949 clusi,
1002 2888 1167 2939 eiiciendum
1193 2901 1278 2939 essa.

885 2991 949 3027 cum
975 2983 1085 3040 propter
1110 2977 1278 3029 seutentiam

886 3065 993 3116 Codicis
1027 3066 1081 3115 mei
1110 3066 1169 3128 (qui
1202 3064 1272 3116 oiim

886 3153 1038 3204 Coitadooii
1057 3153 1124 3212 tuit,
1144 3167 1278 3218 omnesqu

886 3242 1015 3304 quaginta
1035 3242 1208 3304 Digestorum
1227 3241 1278 3292 itm

887 3327 965 3393 timot)
990 3335 1071 3392 atquo
1097 3330 1278 3381 Basilicorum

888 3432 914 3480 p.
931 3416 1006 3480 538.)
1026 3419 1198 3468 auctoritate.
1216 3442 1249 3454 -
1269 3420 1278 3470 i

888 3505 950 3555 dem
969 3519 1013 3556 me
1030 3506 1113 3569 fugit,
1133 3519 1205 3571 quae
1230 3507 1267 3558 de

887 3594 981 3643 umato
1000 3594 1028 3643 in
1047 3594 1072 3643 d.
1092 3594 1122 3642 Ι..
1142 3595 1187 3645 tt.
1207 3596 1279 3661 scrip

887 3687 1027 3732 extraneos
1045 3683 1150 3745 potius,
1171 3684 1220 3747 qui
1239 3698 1279 3736 coi

889 3772 957 3819 siam
977 3776 1123 3832 moueant,
1144 3784 1228 3835 quam
1248 3775 1279 3836 ip

893 3859 1003 3908 bitorem
1027 3864 1161 3922 spectare.
1208 3858 1279 3912 Atto«

891 3948 1012 3996 arimonio·
1034 3947 1095 3997 loco
1120 3947 1279 4011 fragmento

892 4036 1086 4094 aestimarem,
1117 4050 1172 4086 non
1200 4039 1279 4103 oseti,

893 4136 1076 4173 numerarem.
