3114 5046
379 343 419 422 s.
447 333 481 407 1.
534 330 678 406 ludicii
703 333 811 433 mipo
837 341 873 407 et
897 339 1053 407 nutura.
1216 330 1236 392 9

171 525 268 589 aeter
289 524 433 608 propter
453 522 608 586 iniustam
624 539 716 588 suam
738 523 957 590 certationem
977 521 1073 609 simili
1094 520 1235 607 quadam
1256 514 1413 626 43:3⁰2·

172 662 283 730 poena
305 635 504 726 plectatur?
1255 643 1300 670 '¹⁸‘

230 764 308 832 Nee
322 765 412 854 fugit
427 764 511 832 baee
524 766 612 831 ratio
627 765 807 832 Romanos
847 767 948 832 Immo
962 763 1119 830 traditum
1134 781 1236 830 aece-

173 887 293 972 pinus,
309 905 372 952 eos
389 886 606 973 consuluisse,
620 891 658 952 ut
673 889 744 972 pari
763 886 860 953 modo
874 890 1016 972 uterque
1031 887 1236 975 litigatorum

172 1009 432 1093 periclitaretur.
475 1008 653 1075 Enimuero
675 1029 773 1095 quum
793 1012 916 1074 natura
935 1027 997 1074 sua
1022 1006 1163 1091 simplex
1191 1008 1236 1071 sit

172 1131 330 1215 sponsio,
355 1136 473 1216 atque,
504 1133 541 1196 ut
563 1130 662 1195 bodie
687 1130 815 1215 dieunt,
841 1130 1064 1213 unilateralls,
1084 1127 1236 1214 adeoque

172 1270 234 1337 qua
248 1253 435 1337 sponsione
446 1252 535 1317 alter
543 1251 684 1318 alterum
694 1252 756 1318 sibi
768 1251 993 1340 obligauerat,
1007 1249 1123 1317 eedem
1135 1266 1236 1315 uum-

172 1391 267 1458 quam
290 1374 402 1459 potuit
425 1372 522 1438 alteri
544 1373 685 1440 inuicem
710 1374 890 1462 obstringi,
917 1391 1036 1437 nouam
1058 1386 1237 1456 eompara-

172 1497 295 1560 uerunt
315 1495 584 1581 stipulationem,
602 1513 681 1580 qua,
704 1497 760 1581 qui
781 1495 963 1580 sponsione
980 1513 1018 1560 se
1033 1493 1237 1582 obligasset,

172 1616 314 1680 inuicem
344 1616 388 1682 ab
411 1616 521 1682 altero
546 1634 660 1701 parem
686 1635 841 1681 summam
869 1616 932 1682 sub
955 1617 1125 1682 contraria
1149 1632 1236 1680 eon-

173 1736 306 1804 ‹lleione
337 1737 571 1823 stipularetur,
607 1755 745 1823 eamque
776 1735 956 1804 secundam
988 1736 1236 1822 stipulationem

174 1861 271 1924 etiam
285 1859 420 1924 nomine
435 1857 594 1926 distinete
607 1859 911 1946 restipulationem
931 1876 999 1923 non
1017 1859 1236 1944 sputetmeem

175 1982 392 2048 uocauerunt.

233 2099 313 2184 Qua
334 2099 470 2167 duarum
490 2080 741 2188 stipulationum
761 2103 931 2170 contraria
951 2103 1039 2170 inter
1052 2121 1091 2170 se
1104 2101 1236 2168 ratione

176 2223 370 2305 eueniebat,
390 2226 428 2288 ut
448 2243 515 2289 une
534 2222 664 2311 quidem
684 2243 723 2290 re
743 2224 889 2310 iaetoue,
909 2227 946 2290 at
967 2225 1101 2291 inuerso
1123 2222 1236 2311 modo,

177 2363 372 2431 suspensae,
387 2346 588 2412 eontrarium
602 2364 736 2432 semper
748 2347 836 2411 inter
850 2366 888 2413 se
901 2349 1101 2412 sententiam
1117 2344 1237 2411 iudicis

178 2465 315 2549 terrent,
328 2469 364 2532 et
378 2469 434 2552 qul
445 2468 634 2551 sponsionis
642 2467 868 2534 aduersarium
879 2467 1127 2550 condemnaret,
1140 2466 1236 2531 simul

178 2588 440 2674 restipulationis
452 2589 700 2675 absolueretur,
721 2593 756 2654 et
769 2592 905 2676 eontra3
919 2588 1060 2675 (lenique
1074 2588 1238 2654 alteruter

180 2708 417 2776 condemnatus
436 2712 496 2774 aut
516 2711 708 2794 sponsionis
726 2714 784 2776 aut
798 2712 1061 2797 restipulationis
1081 2727 1237 2775 summam

182 2833 270 2915 quasi
292 2848 424 2916 poenae
445 2834 576 2896 nomine
597 2832 716 2898 uictori
738 2833 878 2898 sufferre
900 2832 1048 2899 deberet.

236 2949 400 3037 Sequitur
408 2956 445 3017 ut
458 2951 500 3018 de.
511 2954 620 3018 altere
629 2954 743 3039 speeie
753 2953 933 3036 uideamus,
943 2955 998 3020 ubi
1011 2954 1044 3018 in
1055 2952 1237 3039 sponsione

183 3072 407 3139 contrahenda
418 3075 507 3139 nulla
519 3076 567 3140 rei
579 3074 791 3161 promittendi
801 3094 909 3161 poena
919 3076 1146 3162 spectabatur,
1156 3074 1239 3139 nibil

183 3193 320 3281 (lenique
342 3197 405 3259 nisi
425 3194 544 3263 iudicis
556 3196 598 3261 de
610 3196 807 3263 condicione
823 3198 991 3263 sententia
1007 3197 1238 3283 quaerebatur.

236 3317 397 3384 Nimirum
419 3317 483 3383 boe
510 3336 640 3404 quoque
661 3320 736 3384 loeo
757 3337 836 3384 reus
859 3318 1088 3405 promittendi,
1116 3319 1238 3386 ludieio

184 3439 304 3522 uictus,
325 3440 518 3524 sponsionis
531 3459 655 3505 summa
669 3442 774 3506 actori
791 3440 1090 3528 condemnabatar3
1110 3444 1239 3526 contra,

184 3563 349 3627 sententia
369 3560 550 3628 seeundum
571 3581 609 3627 se
625 3560 705 3627 data
717 3563 912 3647 simpliciter
926 3563 1181 3647 absoluebatur,
1201 3564 1239 3626 at

185 3684 301 3747 nullum
336 3686 409 3746 erat
437 3682 723 3749 condemnationis
752 3684 950 3768 perieulum,
981 3682 1066 3769 quod
1099 3683 1238 3749 inuicem

186 3805 284 3870 ueteri
306 3804 501 3868 immineret.

239 3924 358 4009 Neque
374 3927 484 3990 tamen
498 3932 677 4008 propterea
686 3927 940 4012 restipulatione
953 3946 1038 4012 opus
1051 3944 1127 3993 esse
1141 3924 1239 3992 uide-

189 4045 294 4132 batur,
315 4066 381 4133 quo
403 4049 512 4137 magis
532 4049 692 4134 aequitati
715 4050 953 4114 consuleretur.

243 4165 328 4249 Quid
350 4188 437 4259 ergo
465 4162 544 4234 esi?
574 4168 764 4237 Secundum
790 4172 993 4256 superiorem
1016 4170 1151 4260 ligoram
1175 4190 1238 4255 quo
