3112 5056
79 444 117 517 3·
128 430 170 506 2.
181 428 244 503 De
252 429 455 505 interdicto
465 431 513 504 dc
522 433 563 504 ui
577 433 734 530 rertlpori
742 454 809 505 seu
819 429 1047 529 quotidiano.
1062 429 1123 491 295

118 630 202 696 md·
217 650 245 695 θ.
267 628 319 694 30.
1144 644 1291 696 i'uigrrioior·

1144 701 1210 741 inuito
1231 703 1291 742 tosti-

121 753 222 817 «Hoe
244 754 329 817 enirn
353 753 568 840 intelligitur:
590 751 691 818 Unus
713 771 756 817 ru
779 770 961 834 orreorsr13
982 754 1053 815 siue
1078 769 1124 815 eo:
1143 759 1215 798 wi*

56 893 148 961 σφω
166 873 242 939 ioco
257 876 330 938 siue
349 894 372 938 o
389 893 453 963 pro
476 875 565 940 ioco:
589 895 630 939 ro
653 892 854 958 nusrrruss3
876 872 940 937 hoo
960 874 1022 936 ium
1041 874 1123 935 sirn-

57 998 165 1080 ·piex
189 1000 256 1061 est:
277 1000 316 1061 io
338 1014 417 1061 mom
438 995 550 1061 Ionem
570 1000 765 1063 restituas»
790 996 850 1059 rei.

117 1145 202 1210 idid.
218 1165 245 1209 o.
267 1144 318 1209 31.

120 1298 135 1326 ·
147 1264 219 1335 Cur
231 1286 314 1355 ergo
329 1271 388 1332 not
402 1270 435 1330 in
451 1265 531 1331 iiiud
543 1265 768 1351 quotidianum
784 1263 1011 1351 interdictum,
1026 1263 1124 1330 Unus

58 1409 160 1455 «ruer
182 1409 231 1453 η
253 1408 290 1453 vr
311 1407 457 1474 nrrrcrr,
481 1386 630 1471 additur,
653 1408 746 1464 ouuu
766 1406 831 1453 roo
850 1405 1075 1472 rossrornrnr,
1096 1389 1123 1449 si

58 1508 182 1577 «deiiei
206 1527 301 1575 nemo
324 1513 438 1595 potest
467 1512 521 1596 qui
552 1529 618 1574 non
647 1509 815 1595 possidet:
846 1511 905 1573 out
927 1509 961 1572 in
984 1507 1047 1573 hoc
1070 1510 1125 1570 in-

59 1630 262 1698 ·terdictom
281 1630 323 1696 de
345 1629 530 1697 hominibus
552 1634 688 1697 armetis
711 1601 778 1695 non
800 1628 950 1713 additur,
972 1632 1001 1693 si
1020 1647 1124 1715 opor-

60 1757 132 1818 ·tet
154 1754 289 1839 quaeri,
311 1752 499 1835 possederit
522 1745 674 1819 necnei»

116 1903 201 1969 idid.
218 1924 247 1968 c.
267 1900 318 1967 32.

119 2026 190 2089 «in
205 2025 262 2089 iiio
278 2026 312 2089 ui
327 2025 521 2111 quotidiano
544 2043 610 2088 non
632 2026 717 2090 sotis
739 2029 807 2112 cst,
831 2043 931 2109 posse
946 2025 1068 2093 docere
1085 2045 1122 2089 se

63 2146 263 2232 ·deiectum,
285 2147 347 2211 nisi
369 2145 547 2211 ostendere
567 2148 689 2232 possit,
712 2166 808 2231 quum
827 2147 1033 2232 possideret,
1056 2151 1123 2211 tum

63 2267 260 2334 ·deiectum.
301 2266 354 2333 Ne
384 2266 416 2331 id
440 2267 570 2352 quidem
597 2268 681 2332 sotis
710 2273 777 2351 est,
807 2269 871 2332 nisi
893 2267 993 2334 docet
1016 2271 1063 2333 ito
1085 2288 1122 2333 se

63 2389 300 2475 =possedisse,
329 2392 366 2454 ut
395 2406 457 2454 nec
485 2390 518 2453 ui
542 2406 604 2455 nec
626 2390 709 2455 ciam
733 2408 795 2455 nec
824 2391 978 2474 precario
1001 2409 1123 2474 posse-

64 2512 179 2578 ·derit
237 2512 350 2597 itaque
385 2515 439 2594 is,
473 2512 527 2596 qui
563 2529 601 2575 se
636 2511 825 2576 restituisse
858 2511 962 2595 dixit,
1001 2530 1122 2601 mogon

65 2652 168 2700 ·ooce
192 2651 297 2716 saepe
318 2632 468 2698 confiteri
490 2633 595 2712 solet,
617 2652 655 2699 se
677 2637 714 2698 ni
735 2631 919 2716 deiecisse,
943 2650 1056 2697 oenum
1079 2634 1123 2697 ii-

64 2754 136 2821 ·iud
160 2754 274 2822 addit:
296 2751 378 2821 Non
399 2755 617 2839 possidebat:
646 2755 699 2818 uei
723 2755 838 2839 etiarn,
862 2772 958 2839 quom
983 2753 1046 2820 hoc
1069 2757 1124 2839 ip-

65 2897 152 2943 ·sum
175 2877 361 2962 concessit,
383 2876 487 2941 uincit
510 2879 620 2941 tomen
642 2877 844 2961 sponsione,
864 2876 892 2940 si
917 2876 1049 2960 plenum
1069 2877 1124 2939 io-

65 3001 142 3084 ·cit,
171 2999 217 3064 ab
238 3016 277 3063 se
298 2997 390 3062 illurn
418 3001 474 3062 nui
498 2998 530 3061 ui
559 3001 617 3061 out
639 2998 723 3063 clam
746 3001 804 3062 out
827 2998 979 3082 precnrio
1002 3015 1124 3082 posse-

66 3121 188 3187 ·disse.
240 3118 433 3202 Videtisne,
463 3122 543 3205 quot
571 3118 822 3184 deieusIonibus
850 3137 940 3203 euru,
970 3120 1123 3203 quisine

67 3247 184 3307 «ermis
212 3260 255 3306 oc
284 3239 492 3305 multitudine
520 3241 585 3305 uim
615 3240 751 3322 iecerit,
778 3242 826 3305 uti
854 3259 954 3325 posse
983 3242 1125 3306 maiores

68 3354 281 3429 notuerint?
302 3361 390 3428 hunc
413 3381 509 3448 uero,
533 3364 586 3448 qui
609 3364 651 3429 ab
674 3365 760 3449 iure,
783 3362 910 3447 officio,
932 3362 1029 3427 bonis
1050 3381 1123 3425 mo-

69 3487 175 3551 ·ribus
194 3483 395 3568 odiernum,
416 3482 459 3547 od
481 3501 590 3572 erma,
611 3485 654 3549 od
673 3484 808 3551 caedem
826 3485 1034 3575 confugerit,
1057 3505 1122 3550 nu-

70 3605 154 3671 ·durn
178 3608 213 3671 in
236 3623 357 3672 caussa
380 3604 574 3671 destitutum
596 3604 735 3689 uidetis,
764 3610 801 3672 ot
831 3609 885 3692 qui
911 3611 1059 3672 armatus
1080 3606 1122 3671 de

73 3730 300 3810 «possessione
329 3725 562 3794 contendisset
590 3729 726 3792 inermis
755 3729 853 3812 piane
878 3727 920 3791 de
942 3731 1122 3812 sponsione

75 3853 231 3917 uerteret
262 3897 270 3914 .
305 3897 313 3912 .
345 3896 353 3913 .
397 3848 527 3933 Ecquid
556 3852 713 3934 interest,
743 3855 850 3913 utrum
873 3848 937 3915 noo
959 3848 1121 3931 additum,

78 3991 185 4056 ptum
207 3969 251 4036 A.
276 3966 431 4037 Coccina
453 3972 665 4052 possederit,
689 3964 820 4034 necne?
842 3972 900 4034 rei.

124 4157 235 4226 Gotm
255 4158 277 4224 1
285 4158 322 4240 V,
348 4157 418 4222 154.

127 4279 415 4363 ·itecupernndne
436 4282 661 4364 possessionis
675 4299 796 4346 cnosso
810 4282 897 4345 soiet
910 4278 1120 4345 interdictum
