<?xml version="1.0" encoding="UTF-8"?>
<!DOCTYPE html PUBLIC "-//W3C//DTD XHTML 1.0 Transitional//EN"
    "http://www.w3.org/TR/xhtml1/DTD/xhtml1-transitional.dtd">
<html xmlns="http://www.w3.org/1999/xhtml" xml:lang="en" lang="en">
 <head>
  <title>
</title>
<meta http-equiv="Content-Type" content="text/html;charset=utf-8" />
  <meta name='ocr-system' content='tesseract 3.04.00' />
  <meta name='ocr-capabilities' content='ocr_page ocr_carea ocr_par ocr_line ocrx_word'/>
</head>
<body>
  <div class='ocr_page' id='page_1' title='image "./semestriumadmtu00kellgoog_0067.png"; bbox 0 0 3114 5046; ppageno 0'>
   <div class='ocr_carea' id='block_1_1' title="bbox 336 364 1294 468">
    <p class='ocr_par' dir='ltr' id='par_1_1' title="bbox 336 364 1294 468">
     <span class='ocr_line' id='line_1_1' title="bbox 336 364 1294 468; baseline -0.001 -24"><span class='ocrx_word' id='word_1_1' title='bbox 336 368 378 431; x_wconf 72' lang='lat'><strong>42</strong></span> <span class='ocrx_word' id='word_1_2' title='bbox 443 364 537 468; x_wconf 81' lang='lat' dir='ltr'><strong>Cup.</strong></span> <span class='ocrx_word' id='word_1_3' title='bbox 557 366 591 442; x_wconf 85' lang='lat'><strong>1.</strong></span> <span class='ocrx_word' id='word_1_4' title='bbox 646 365 704 442; x_wconf 87' lang='lat' dir='ltr'><strong>De</strong></span> <span class='ocrx_word' id='word_1_5' title='bbox 729 371 815 463; x_wconf 69' lang='lat' dir='ltr'><strong>iure</strong></span> <span class='ocrx_word' id='word_1_6' title='bbox 841 391 1003 443; x_wconf 81' lang='lat' dir='ltr'><strong>caussae</strong></span> <span class='ocrx_word' id='word_1_7' title='bbox 1032 367 1294 457; x_wconf 78' lang='lat' dir='ltr'><strong>Quinctianae.</strong></span> 
     </span>
    </p>
   </div>
   <div class='ocr_carea' id='block_1_2' title="bbox 169 554 1402 1857">
    <p class='ocr_par' dir='ltr' id='par_1_2' title="bbox 169 554 1400 886">
     <span class='ocr_line' id='line_1_2' title="bbox 170 554 1399 658; baseline -0.001 -34"><span class='ocrx_word' id='word_1_8' title='bbox 170 557 318 658; x_wconf 38' lang='lat' dir='ltr'><strong>&amp;37ss</strong></span> <span class='ocrx_word' id='word_1_9' title='bbox 399 557 518 624; x_wconf 87' lang='lat' dir='ltr'><strong>Peniio</strong></span> <span class='ocrx_word' id='word_1_10' title='bbox 540 560 659 643; x_wconf 82' lang='lat' dir='ltr'><strong>posteo</strong></span> <span class='ocrx_word' id='word_1_11' title='bbox 681 556 817 624; x_wconf 74' lang='lat' dir='ltr'><strong>fluuium</strong></span> <span class='ocrx_word' id='word_1_12' title='bbox 839 554 981 624; x_wconf 79' lang='lat' dir='ltr'><strong>Codices</strong></span> <span class='ocrx_word' id='word_1_13' title='bbox 999 577 1072 625; x_wconf 90' lang='lat' dir='ltr'><strong>cum</strong></span> <span class='ocrx_word' id='word_1_14' title='bbox 1094 560 1224 624; x_wconf 85' lang='lat' dir='ltr'><strong>retiene</strong></span> <span class='ocrx_word' id='word_1_15' title='bbox 1245 559 1329 624; x_wconf 88' lang='lat' dir='ltr'><strong>iuris</strong></span> <span class='ocrx_word' id='word_1_16' title='bbox 1352 560 1399 623; x_wconf 87' lang='lat' dir='ltr'><strong>ite</strong></span> 
     </span>
     <span class='ocr_line' id='line_1_3' title="bbox 169 630 1400 765; baseline -0.001 -18"><span class='ocrx_word' id='word_1_17' title='bbox 169 630 293 721; x_wconf 50' lang='lat' dir='ltr'><strong>⁰¹¹¹·“⁵⁰·p</strong></span> <span class='ocrx_word' id='word_1_18' title='bbox 336 681 544 762; x_wconf 78' lang='lat' dir='ltr'><strong>conciliauit,</strong></span> <span class='ocrx_word' id='word_1_19' title='bbox 579 683 703 764; x_wconf 84' lang='lat' dir='ltr'><strong>utque</strong></span> <span class='ocrx_word' id='word_1_20' title='bbox 726 695 841 744; x_wconf 88' lang='lat' dir='ltr'><strong>errore</strong></span> <span class='ocrx_word' id='word_1_21' title='bbox 871 680 1013 765; x_wconf 84' lang='lat' dir='ltr'><strong>expulso</strong></span> <span class='ocrx_word' id='word_1_22' title='bbox 1035 679 1077 744; x_wconf 88' lang='lat' dir='ltr'><strong>ud</strong></span> <span class='ocrx_word' id='word_1_23' title='bbox 1109 681 1284 746; x_wconf 82' lang='lat' dir='ltr'><strong>lectionem</strong></span> <span class='ocrx_word' id='word_1_24' title='bbox 1311 678 1400 747; x_wconf 75' lang='lat' dir='ltr'><strong>irene</strong></span> 
     </span>
     <span class='ocr_line' id='line_1_4' title="bbox 340 800 1400 886; baseline -0.004 -19"><span class='ocrx_word' id='word_1_25' title='bbox 340 806 487 868; x_wconf 82' lang='lat' dir='ltr'><strong>nestrum</strong></span> <span class='ocrx_word' id='word_1_26' title='bbox 509 800 741 867; x_wconf 78' lang='lat' dir='ltr'><strong>stabiliendam</strong></span> <span class='ocrx_word' id='word_1_27' title='bbox 764 802 955 866; x_wconf 78' lang='lat' dir='ltr'><strong>necessario</strong></span> <span class='ocrx_word' id='word_1_28' title='bbox 977 820 1063 886; x_wconf 88' lang='lat' dir='ltr'><strong>opus</strong></span> <span class='ocrx_word' id='word_1_29' title='bbox 1084 805 1197 884; x_wconf 87' lang='lat' dir='ltr'><strong>essct,</strong></span> <span class='ocrx_word' id='word_1_30' title='bbox 1225 821 1298 868; x_wconf 87' lang='lat' dir='ltr'><strong>eum</strong></span> <span class='ocrx_word' id='word_1_31' title='bbox 1321 804 1400 886; x_wconf 89' lang='lat' dir='ltr'><strong>qui-</strong></span> 
     </span>
    </p>

    <p class='ocr_par' dir='ltr' id='par_1_3' title="bbox 337 917 1402 1130">
     <span class='ocr_line' id='line_1_5' title="bbox 337 917 1402 1008; baseline -0.001 -21"><span class='ocrx_word' id='word_1_32' title='bbox 337 921 410 988; x_wconf 88' lang='lat' dir='ltr'><strong>dem</strong></span> <span class='ocrx_word' id='word_1_33' title='bbox 433 922 636 1008; x_wconf 83' lang='lat' dir='ltr'><strong>expelleret,</strong></span> <span class='ocrx_word' id='word_1_34' title='bbox 660 920 702 988; x_wconf 89' lang='lat' dir='ltr'><strong>de</strong></span> <span class='ocrx_word' id='word_1_35' title='bbox 724 922 868 1007; x_wconf 84' lang='lat' dir='ltr'><strong>coeteris</strong></span> <span class='ocrx_word' id='word_1_36' title='bbox 890 940 985 1007; x_wconf 87' lang='lat' dir='ltr'><strong>quum</strong></span> <span class='ocrx_word' id='word_1_37' title='bbox 1008 923 1166 1007; x_wconf 88' lang='lat' dir='ltr'><strong>plurimos</strong></span> <span class='ocrx_word' id='word_1_38' title='bbox 1180 917 1402 989; x_wconf 78' lang='lat' dir='ltr'><strong>retineret⁵⁸b</strong></span> 
     </span>
     <span class='ocr_line' id='line_1_6' title="bbox 402 1038 1401 1130; baseline 0 -22"><span class='ocrx_word' id='word_1_39' title='bbox 402 1044 552 1128; x_wconf 83' lang='lat' dir='ltr'><strong>Denique</strong></span> <span class='ocrx_word' id='word_1_40' title='bbox 574 1041 792 1130; x_wconf 78' lang='lat' dir='ltr'><strong>Huecbittus,</strong></span> <span class='ocrx_word' id='word_1_41' title='bbox 815 1063 911 1129; x_wconf 85' lang='lat' dir='ltr'><strong>quum</strong></span> <span class='ocrx_word' id='word_1_42' title='bbox 934 1041 976 1108; x_wconf 91' lang='lat' dir='ltr'><strong>dc</strong></span> <span class='ocrx_word' id='word_1_43' title='bbox 993 1060 1113 1109; x_wconf 80' lang='lat' dir='ltr'>caussa</span> <span class='ocrx_word' id='word_1_44' title='bbox 1130 1038 1259 1109; x_wconf 84' lang='lat' dir='ltr'><strong>Siliano</strong></span> <span class='ocrx_word' id='word_1_45' title='bbox 1275 1042 1401 1108; x_wconf 89' lang='lat' dir='ltr'><strong>disser-</strong></span> 
     </span>
    </p>

    <p class='ocr_par' dir='ltr' id='par_1_4' title="bbox 265 1163 1401 1613">
     <span class='ocr_line' id='line_1_7' title="bbox 265 1163 1401 1259; baseline 0 -29"><span class='ocrx_word' id='word_1_46' title='bbox 265 1254 268 1259; x_wconf 11' lang='grc' dir='ltr'><strong><em>ἢ</em></strong></span> <span class='ocrx_word' id='word_1_47' title='bbox 337 1169 429 1251; x_wconf 89' lang='lat' dir='ltr'><strong>eret,</strong></span> <span class='ocrx_word' id='word_1_48' title='bbox 467 1165 576 1229; x_wconf 86' lang='lat' dir='ltr'><strong>obiter</strong></span> <span class='ocrx_word' id='word_1_49' title='bbox 598 1163 728 1250; x_wconf 88' lang='lat' dir='ltr'><strong>quidem</strong></span> <span class='ocrx_word' id='word_1_50' title='bbox 749 1165 859 1230; x_wconf 92' lang='lat' dir='ltr'><strong>locum</strong></span> <span class='ocrx_word' id='word_1_51' title='bbox 881 1168 1029 1229; x_wconf 87' lang='lat' dir='ltr'><strong>nestrum</strong></span> <span class='ocrx_word' id='word_1_52' title='bbox 1062 1166 1192 1250; x_wconf 80' lang='lat' dir='ltr'><strong>attigit,</strong></span> <span class='ocrx_word' id='word_1_53' title='bbox 1223 1183 1401 1250; x_wconf 83' lang='lat' dir='ltr'><strong>uerumque</strong></span> 
     </span>
     <span class='ocr_line' id='line_1_8' title="bbox 337 1286 1401 1374; baseline 0 -24"><span class='ocrx_word' id='word_1_54' title='bbox 337 1286 514 1352; x_wconf 88' lang='lat' dir='ltr'><strong>lectionem</strong></span> <span class='ocrx_word' id='word_1_55' title='bbox 537 1287 740 1352; x_wconf 76' lang='lat' dir='ltr'><strong>auctoritate</strong></span> <span class='ocrx_word' id='word_1_56' title='bbox 764 1286 872 1374; x_wconf 78' lang='lat' dir='ltr'><strong>magis</strong></span> <span class='ocrx_word' id='word_1_57' title='bbox 899 1303 960 1349; x_wconf 89' lang='lat' dir='ltr'><strong>sue</strong></span> <span class='ocrx_word' id='word_1_58' title='bbox 989 1302 1085 1370; x_wconf 83' lang='lat' dir='ltr'><strong>quem</strong></span> <span class='ocrx_word' id='word_1_59' title='bbox 1109 1286 1269 1370; x_wconf 79' lang='lat' dir='ltr'><strong>peculiari</strong></span> <span class='ocrx_word' id='word_1_60' title='bbox 1292 1305 1401 1373; x_wconf 83' lang='lat' dir='ltr'><strong>urgu-</strong></span> 
     </span>
     <span class='ocr_line' id='line_1_9' title="bbox 337 1405 1401 1491; baseline 0.001 -21"><span class='ocrx_word' id='word_1_61' title='bbox 337 1407 542 1471; x_wconf 80' lang='lat' dir='ltr'><strong>mentatione</strong></span> <span class='ocrx_word' id='word_1_62' title='bbox 575 1405 733 1471; x_wconf 83' lang='lat' dir='ltr'><strong>firmeuit:</strong></span> <span class='ocrx_word' id='word_1_63' title='bbox 776 1410 924 1471; x_wconf 87' lang='lat' dir='ltr'><strong>uttemen</strong></span> <span class='ocrx_word' id='word_1_64' title='bbox 959 1408 1174 1491; x_wconf 69' lang='lat' dir='ltr'><strong>sponsionum</strong></span> <span class='ocrx_word' id='word_1_65' title='bbox 1212 1408 1401 1471; x_wconf 86' lang='lat' dir='ltr'><strong>uniuersum</strong></span> 
     </span>
     <span class='ocr_line' id='line_1_10' title="bbox 338 1525 1401 1613; baseline -0.001 -20"><span class='ocrx_word' id='word_1_66' title='bbox 338 1532 511 1613; x_wconf 87' lang='lat' dir='ltr'><strong>neturom,</strong></span> <span class='ocrx_word' id='word_1_67' title='bbox 542 1545 606 1612; x_wconf 84' lang='lat' dir='ltr'><strong>qus</strong></span> <span class='ocrx_word' id='word_1_68' title='bbox 635 1529 688 1593; x_wconf 87' lang='lat' dir='ltr'><strong>est</strong></span> <span class='ocrx_word' id='word_1_69' title='bbox 710 1529 832 1613; x_wconf 81' lang='lat' dir='ltr'><strong>peritis</strong></span> <span class='ocrx_word' id='word_1_70' title='bbox 853 1531 887 1593; x_wconf 89' lang='lat' dir='ltr'><strong>et</strong></span> <span class='ocrx_word' id='word_1_71' title='bbox 912 1528 1119 1609; x_wconf 73' lang='lat' dir='ltr'><strong>subtilitate,</strong></span> <span class='ocrx_word' id='word_1_72' title='bbox 1148 1525 1233 1592; x_wconf 86' lang='lat' dir='ltr'><strong>odeo</strong></span> <span class='ocrx_word' id='word_1_73' title='bbox 1255 1545 1401 1612; x_wconf 89' lang='lat' dir='ltr'><strong>perspe-</strong></span> 
     </span>
    </p>

    <p class='ocr_par' dir='ltr' id='par_1_5' title="bbox 338 1647 1402 1735">
     <span class='ocr_line' id='line_1_11' title="bbox 338 1647 1402 1735; baseline -0.001 -21"><span class='ocrx_word' id='word_1_74' title='bbox 338 1651 431 1714; x_wconf 88' lang='lat' dir='ltr'><strong>xisse</strong></span> <span class='ocrx_word' id='word_1_75' title='bbox 452 1649 529 1713; x_wconf 88' lang='lat' dir='ltr'><strong>mihi</strong></span> <span class='ocrx_word' id='word_1_76' title='bbox 552 1647 701 1735; x_wconf 88' lang='lat' dir='ltr'><strong>uidetur,</strong></span> <span class='ocrx_word' id='word_1_77' title='bbox 723 1653 775 1735; x_wconf 89' lang='lat' dir='ltr'><strong>ut,</strong></span> <span class='ocrx_word' id='word_1_78' title='bbox 797 1647 971 1714; x_wconf 89' lang='lat' dir='ltr'><strong>dummodo</strong></span> <span class='ocrx_word' id='word_1_79' title='bbox 994 1648 1036 1713; x_wconf 86' lang='lat' dir='ltr'><strong>ud</strong></span> <span class='ocrx_word' id='word_1_80' title='bbox 1053 1647 1283 1730; x_wconf 77' lang='lat' dir='ltr'><strong>Quinctiunsm</strong></span> <span class='ocrx_word' id='word_1_81' title='bbox 1299 1667 1402 1714; x_wconf 88' lang='lat' dir='ltr'><strong>ceus-</strong></span> 
     </span>
    </p>

    <p class='ocr_par' dir='ltr' id='par_1_6' title="bbox 337 1768 1402 1857">
     <span class='ocr_line' id='line_1_12' title="bbox 337 1768 1402 1857; baseline -0.001 -21"><span class='ocrx_word' id='word_1_82' title='bbox 337 1788 407 1836; x_wconf 82' lang='lat' dir='ltr'><strong>sum</strong></span> <span class='ocrx_word' id='word_1_83' title='bbox 430 1772 569 1857; x_wconf 89' lang='lat' dir='ltr'><strong>propius</strong></span> <span class='ocrx_word' id='word_1_84' title='bbox 595 1769 760 1837; x_wconf 87' lang='lat' dir='ltr'><strong>ucccdere</strong></span> <span class='ocrx_word' id='word_1_85' title='bbox 789 1771 969 1856; x_wconf 88' lang='lat' dir='ltr'><strong>uoluisset,</strong></span> <span class='ocrx_word' id='word_1_86' title='bbox 1001 1768 1168 1836; x_wconf 89' lang='lat' dir='ltr'><strong>scribendi</strong></span> <span class='ocrx_word' id='word_1_87' title='bbox 1199 1768 1274 1833; x_wconf 88' lang='lat' dir='ltr'><strong>mibi</strong></span> <span class='ocrx_word' id='word_1_88' title='bbox 1298 1787 1402 1837; x_wconf 88' lang='lat' dir='ltr'><strong>occu-</strong></span> 
     </span>
    </p>
   </div>
   <div class='ocr_carea' id='block_1_3' title="bbox 338 1891 897 1960">
    <p class='ocr_par' dir='ltr' id='par_1_7' title="bbox 338 1891 897 1960">
     <span class='ocr_line' id='line_1_13' title="bbox 338 1891 897 1960; baseline -0.002 -3"><span class='ocrx_word' id='word_1_89' title='bbox 338 1895 464 1959; x_wconf 83' lang='lat' dir='ltr'><strong>sionem</strong></span> <span class='ocrx_word' id='word_1_90' title='bbox 486 1891 544 1958; x_wconf 88' lang='lat' dir='ltr'><strong>uix</strong></span> <span class='ocrx_word' id='word_1_91' title='bbox 565 1894 745 1960; x_wconf 84' lang='lat' dir='ltr'><strong>relicturus</strong></span> <span class='ocrx_word' id='word_1_92' title='bbox 767 1892 897 1958; x_wconf 59' lang='lat' dir='ltr'><strong>fuisset,</strong></span> 
     </span>
    </p>
   </div>
   <div class='ocr_carea' id='block_1_4' title="bbox 339 2048 1404 2742">
    <p class='ocr_par' dir='ltr' id='par_1_8' title="bbox 339 2048 1404 2499">
     <span class='ocr_line' id='line_1_14' title="bbox 359 2048 1403 2138; baseline -0.003 -21"><span class='ocrx_word' id='word_1_93' title='bbox 359 2091 362 2097; x_wconf 96' lang='lat'>-</span> <span class='ocrx_word' id='word_1_94' title='bbox 402 2052 517 2138; x_wconf 82' lang='lat' dir='ltr'><strong>Atque</strong></span> <span class='ocrx_word' id='word_1_95' title='bbox 549 2052 633 2118; x_wconf 88' lang='lat' dir='ltr'><strong>hece</strong></span> <span class='ocrx_word' id='word_1_96' title='bbox 662 2054 715 2117; x_wconf 89' lang='lat' dir='ltr'><strong>cst</strong></span> <span class='ocrx_word' id='word_1_97' title='bbox 748 2050 920 2116; x_wconf 81' lang='lat' dir='ltr'><strong>Editorum</strong></span> <span class='ocrx_word' id='word_1_98' title='bbox 947 2068 988 2116; x_wconf 85' lang='lat' dir='ltr'><strong>ec</strong></span> <span class='ocrx_word' id='word_1_99' title='bbox 1023 2050 1324 2117; x_wconf 76' lang='lat' dir='ltr'><strong>commentatorum</strong></span> <span class='ocrx_word' id='word_1_100' title='bbox 1361 2048 1403 2115; x_wconf 95' lang='lat' dir='ltr'><strong>de</strong></span> 
     </span>
     <span class='ocr_line' id='line_1_15' title="bbox 339 2171 1404 2258; baseline -0.002 -22"><span class='ocrx_word' id='word_1_101' title='bbox 339 2173 397 2238; x_wconf 84' lang='lat' dir='ltr'><strong>iliu</strong></span> <span class='ocrx_word' id='word_1_102' title='bbox 417 2173 600 2258; x_wconf 89' lang='lat' dir='ltr'><strong>sponsione</strong></span> <span class='ocrx_word' id='word_1_103' title='bbox 623 2171 826 2256; x_wconf 81' lang='lat' dir='ltr'><strong>disputatio,</strong></span> <span class='ocrx_word' id='word_1_104' title='bbox 858 2171 901 2238; x_wconf 89' lang='lat' dir='ltr'><strong>ud</strong></span> <span class='ocrx_word' id='word_1_105' title='bbox 924 2172 956 2238; x_wconf 87' lang='lat' dir='ltr'><strong>d.</strong></span> <span class='ocrx_word' id='word_1_106' title='bbox 976 2177 1078 2258; x_wconf 87' lang='lat' dir='ltr'><strong>caput</strong></span> <span class='ocrx_word' id='word_1_107' title='bbox 1101 2171 1130 2237; x_wconf 89' lang='lat'><strong>8.</strong></span> <span class='ocrx_word' id='word_1_108' title='bbox 1154 2172 1251 2237; x_wconf 85' lang='lat' dir='ltr'><strong>buius</strong></span> <span class='ocrx_word' id='word_1_109' title='bbox 1273 2173 1404 2237; x_wconf 84' lang='lat' dir='ltr'><strong>erutio-</strong></span> 
     </span>
     <span class='ocr_line' id='line_1_16' title="bbox 340 2291 1402 2383; baseline -0.004 -25"><span class='ocrx_word' id='word_1_110' title='bbox 340 2295 393 2358; x_wconf 88' lang='lat' dir='ltr'><strong>nis</strong></span> <span class='ocrx_word' id='word_1_111' title='bbox 414 2293 608 2379; x_wconf 89' lang='lat' dir='ltr'><strong>pierumque</strong></span> <span class='ocrx_word' id='word_1_112' title='bbox 635 2291 780 2374; x_wconf 83' lang='lat' dir='ltr'><strong>directe,</strong></span> <span class='ocrx_word' id='word_1_113' title='bbox 815 2298 917 2380; x_wconf 86' lang='lat' dir='ltr'><strong>etque</strong></span> <span class='ocrx_word' id='word_1_114' title='bbox 946 2292 1024 2360; x_wconf 89' lang='lat' dir='ltr'><strong>inde</strong></span> <span class='ocrx_word' id='word_1_115' title='bbox 1053 2293 1096 2359; x_wconf 83' lang='lat' dir='ltr'><strong>ud</strong></span> <span class='ocrx_word' id='word_1_116' title='bbox 1119 2291 1310 2383; x_wconf 71' lang='lat' dir='ltr'><strong>capoten,</strong></span> <span class='ocrx_word' id='word_1_117' title='bbox 1347 2293 1402 2358; x_wconf 91' lang='lat' dir='ltr'><strong>ubi</strong></span> 
     </span>
     <span class='ocr_line' id='line_1_17' title="bbox 341 2413 1226 2499; baseline 0 -19"><span class='ocrx_word' id='word_1_118' title='bbox 341 2413 487 2480; x_wconf 86' lang='lat' dir='ltr'><strong>eiusdem</strong></span> <span class='ocrx_word' id='word_1_119' title='bbox 509 2416 702 2499; x_wconf 85' lang='lat' dir='ltr'><strong>sponsionis</strong></span> <span class='ocrx_word' id='word_1_120' title='bbox 724 2418 846 2480; x_wconf 89' lang='lat' dir='ltr'><strong>mentio</strong></span> <span class='ocrx_word' id='word_1_121' title='bbox 868 2416 1029 2497; x_wconf 83' lang='lat' dir='ltr'><strong>recurrit,</strong></span> <span class='ocrx_word' id='word_1_122' title='bbox 1051 2416 1226 2480; x_wconf 78' lang='lat' dir='ltr'><strong>translata.</strong></span> 
     </span>
    </p>

    <p class='ocr_par' dir='ltr' id='par_1_9' title="bbox 340 2534 1404 2742">
     <span class='ocr_line' id='line_1_18' title="bbox 405 2534 1404 2622; baseline -0.003 -22"><span class='ocrx_word' id='word_1_123' title='bbox 405 2534 510 2617; x_wconf 77' lang='lat' dir='ltr'><strong>Quem</strong></span> <span class='ocrx_word' id='word_1_124' title='bbox 532 2555 613 2601; x_wconf 91' lang='lat' dir='ltr'><strong>uero</strong></span> <span class='ocrx_word' id='word_1_125' title='bbox 635 2535 805 2601; x_wconf 84' lang='lat' dir='ltr'><strong>inferioris</strong></span> <span class='ocrx_word' id='word_1_126' title='bbox 826 2537 923 2602; x_wconf 88' lang='lat' dir='ltr'><strong>huius</strong></span> <span class='ocrx_word' id='word_1_127' title='bbox 946 2537 1107 2603; x_wconf 85' lang='lat' dir='ltr'><strong>iormuiee</strong></span> <span class='ocrx_word' id='word_1_128' title='bbox 1130 2534 1273 2622; x_wconf 88' lang='lat' dir='ltr'><strong>quidem,</strong></span> <span class='ocrx_word' id='word_1_129' title='bbox 1313 2537 1404 2600; x_wconf 85' lang='lat' dir='ltr'><strong>ineni</strong></span> 
     </span>
     <span class='ocr_line' id='line_1_19' title="bbox 340 2649 1404 2742; baseline -0.002 -19"><span class='ocrx_word' id='word_1_130' title='bbox 340 2657 499 2729; x_wconf 79' lang='lat' dir='ltr'><strong>artificio,</strong></span> <span class='ocrx_word' id='word_1_131' title='bbox 521 2658 586 2723; x_wconf 85' lang='lat' dir='ltr'><strong>sibi</strong></span> <span class='ocrx_word' id='word_1_132' title='bbox 608 2656 809 2724; x_wconf 77' lang='lat' dir='ltr'><strong>effinxerunt</strong></span> <span class='ocrx_word' id='word_1_133' title='bbox 831 2657 1060 2725; x_wconf 76' lang='lat' dir='ltr'><strong>diuersitatem</strong></span> <span class='ocrx_word' id='word_1_134' title='bbox 1069 2649 1125 2739; x_wconf 84' lang='lat'><strong>⁵⁹),</strong></span> <span class='ocrx_word' id='word_1_135' title='bbox 1161 2676 1201 2723; x_wconf 82' lang='lat' dir='ltr'><strong>co</strong></span> <span class='ocrx_word' id='word_1_136' title='bbox 1223 2675 1404 2742; x_wconf 84' lang='lat' dir='ltr'><strong>peruersee</strong></span> 
     </span>
    </p>
   </div>
   <div class='ocr_carea' id='block_1_5' title="bbox 343 2897 1409 4288">
    <p class='ocr_par' dir='ltr' id='par_1_10' title="bbox 343 2897 1409 4288">
     <span class='ocr_line' id='line_1_20' title="bbox 376 2897 1404 2963; baseline -0.004 -10"><span class='ocrx_word' id='word_1_137' title='bbox 376 2898 425 2953; x_wconf 79' lang='grc'><strong>58)</strong></span> <span class='ocrx_word' id='word_1_138' title='bbox 443 2898 464 2950; x_wconf 90' lang='grc'><strong>1.</strong></span> <span class='ocrx_word' id='word_1_139' title='bbox 483 2898 502 2948; x_wconf 88' lang='lat' dir='ltr'><strong>i.</strong></span> <span class='ocrx_word' id='word_1_140' title='bbox 521 2913 550 2963; x_wconf 91' lang='lat' dir='ltr'><strong>p.</strong></span> <span class='ocrx_word' id='word_1_141' title='bbox 568 2900 612 2953; x_wconf 71' lang='lat'><strong>21.</strong></span> <span class='ocrx_word' id='word_1_142' title='bbox 635 2925 664 2938; x_wconf 93' lang='lat'><em>-</em></span> <span class='ocrx_word' id='word_1_143' title='bbox 686 2900 747 2949; x_wconf 72' lang='lat' dir='ltr'><strong>«Ea</strong></span> <span class='ocrx_word' id='word_1_144' title='bbox 764 2900 845 2950; x_wconf 82' lang='lat' dir='ltr'><strong>nimi·</strong></span> <span class='ocrx_word' id='word_1_145' title='bbox 901 2897 1042 2949; x_wconf 77' lang='lat' dir='ltr'><strong>auoiebat</strong></span> <span class='ocrx_word' id='word_1_146' title='bbox 1079 2898 1157 2961; x_wconf 83' lang='lat' dir='ltr'><strong>Quod</strong></span> <span class='ocrx_word' id='word_1_147' title='bbox 1176 2899 1199 2948; x_wconf 88' lang='lat' dir='ltr'><strong>ei</strong></span> <span class='ocrx_word' id='word_1_148' title='bbox 1218 2898 1338 2948; x_wconf 86' lang='lat' dir='ltr'><strong>Naeuius</strong></span> <span class='ocrx_word' id='word_1_149' title='bbox 1354 2899 1404 2962; x_wconf 88' lang='lat' dir='ltr'><strong>pri·</strong></span> 
     </span>
     <span class='ocr_line' id='line_1_21' title="bbox 343 2983 1405 3051; baseline 0.002 -17"><span class='ocrx_word' id='word_1_150' title='bbox 343 3001 444 3045; x_wconf 83' lang='lat' dir='ltr'><strong>erum.</strong></span> <span class='ocrx_word' id='word_1_151' title='bbox 469 2988 574 3051; x_wconf 81' lang='lat' dir='ltr'><strong>inquii,</strong></span> <span class='ocrx_word' id='word_1_152' title='bbox 592 2994 650 3039; x_wconf 87' lang='lat' dir='ltr'><strong>erat</strong></span> <span class='ocrx_word' id='word_1_153' title='bbox 667 2987 783 3038; x_wconf 78' lang='lat' dir='ltr'><strong>formula</strong></span> <span class='ocrx_word' id='word_1_154' title='bbox 813 2983 846 3050; x_wconf 84' lang='lat' dir='ltr'><strong>(st</strong></span> <span class='ocrx_word' id='word_1_155' title='bbox 903 3001 985 3037; x_wconf 86' lang='lat' dir='ltr'><strong>amus</strong></span> <span class='ocrx_word' id='word_1_156' title='bbox 1008 2988 1184 3051; x_wconf 84' lang='lat' dir='ltr'><strong>sponsionem</strong></span> <span class='ocrx_word' id='word_1_157' title='bbox 1209 2986 1339 3048; x_wconf 83' lang='lat' dir='ltr'><strong>iecisset,</strong></span> <span class='ocrx_word' id='word_1_158' title='bbox 1369 2987 1405 3037; x_wconf 89' lang='lat' dir='ltr'><strong>ei·</strong></span> 
     </span>
     <span class='ocr_line' id='line_1_22' title="bbox 345 3074 1405 3139; baseline 0.002 -18"><span class='ocrx_word' id='word_1_159' title='bbox 345 3092 375 3126; x_wconf 79' lang='grc' dir='ltr'><strong>ι.</strong></span> <span class='ocrx_word' id='word_1_160' title='bbox 397 3113 403 3128; x_wconf 93' lang='grc'><em>.</em></span> <span class='ocrx_word' id='word_1_161' title='bbox 424 3111 433 3128; x_wconf 90' lang='grc'><strong>.</strong></span> <span class='ocrx_word' id='word_1_162' title='bbox 451 3090 506 3126; x_wconf 80' lang='lat' dir='ltr'><strong>stou</strong></span> <span class='ocrx_word' id='word_1_163' title='bbox 517 3074 627 3139; x_wconf 77' lang='lat' dir='ltr'><strong>essem),</strong></span> <span class='ocrx_word' id='word_1_164' title='bbox 641 3088 722 3139; x_wconf 86' lang='lat' dir='ltr'><strong>quam</strong></span> <span class='ocrx_word' id='word_1_165' title='bbox 735 3074 846 3125; x_wconf 75' lang='lat' dir='ltr'><strong>Praetor</strong></span> <span class='ocrx_word' id='word_1_166' title='bbox 902 3076 1077 3126; x_wconf 79' lang='lat' dir='ltr'><strong>«demetiam</strong></span> <span class='ocrx_word' id='word_1_167' title='bbox 1088 3076 1175 3139; x_wconf 88' lang='lat' dir='ltr'><strong>primo</strong></span> <span class='ocrx_word' id='word_1_168' title='bbox 1189 3075 1248 3125; x_wconf 91' lang='lat' dir='ltr'><strong>ioco</strong></span> <span class='ocrx_word' id='word_1_169' title='bbox 1258 3087 1291 3125; x_wconf 82' lang='lat' dir='ltr'><strong>ex</strong></span> <span class='ocrx_word' id='word_1_170' title='bbox 1304 3087 1405 3138; x_wconf 88' lang='lat' dir='ltr'><strong>sponsu</strong></span> 
     </span>
     <span class='ocr_line' id='line_1_23' title="bbox 345 3162 1407 3228; baseline 0.003 -18"><span class='ocrx_word' id='word_1_171' title='bbox 345 3164 525 3228; x_wconf 77' lang='lat' dir='ltr'><strong>«Quinctium</strong></span> <span class='ocrx_word' id='word_1_172' title='bbox 553 3163 693 3214; x_wconf 86' lang='lat' dir='ltr'><strong>intendere</strong></span> <span class='ocrx_word' id='word_1_173' title='bbox 720 3163 844 3222; x_wconf 85' lang='lat' dir='ltr'><strong>uolebat,</strong></span> <span class='ocrx_word' id='word_1_174' title='bbox 903 3164 1063 3226; x_wconf 72' lang='lat' dir='ltr'><strong>«agendum</strong></span> <span class='ocrx_word' id='word_1_175' title='bbox 1091 3162 1215 3213; x_wconf 78' lang='lat' dir='ltr'><strong>suisset.»</strong></span> <span class='ocrx_word' id='word_1_176' title='bbox 1245 3188 1279 3198; x_wconf 95' lang='lat'><em>-</em></span> <span class='ocrx_word' id='word_1_177' title='bbox 1316 3163 1407 3213; x_wconf 86' lang='lat' dir='ltr'><strong>Sensit</strong></span> 
     </span>
     <span class='ocr_line' id='line_1_24' title="bbox 345 3251 1407 3316; baseline 0.005 -19"><span class='ocrx_word' id='word_1_178' title='bbox 345 3265 430 3302; x_wconf 80' lang='lat' dir='ltr'><strong>ecem</strong></span> <span class='ocrx_word' id='word_1_179' title='bbox 464 3251 597 3304; x_wconf 82' lang='lat' dir='ltr'><strong>Naeuium</strong></span> <span class='ocrx_word' id='word_1_180' title='bbox 630 3251 734 3314; x_wconf 87' lang='lat' dir='ltr'><strong>primus</strong></span> <span class='ocrx_word' id='word_1_181' title='bbox 767 3264 846 3314; x_wconf 88' lang='lat' dir='ltr'><strong>spon·</strong></span> <span class='ocrx_word' id='word_1_182' title='bbox 902 3251 984 3314; x_wconf 73' lang='lat' dir='ltr'><strong>igitur</strong></span> <span class='ocrx_word' id='word_1_183' title='bbox 1002 3251 1033 3299; x_wconf 81' lang='lat' dir='ltr'><strong>V.</strong></span> <span class='ocrx_word' id='word_1_184' title='bbox 1053 3251 1105 3313; x_wconf 76' lang='lat' dir='ltr'><strong>b..</strong></span> <span class='ocrx_word' id='word_1_185' title='bbox 1136 3253 1301 3315; x_wconf 78' lang='lat' dir='ltr'><strong>spossstooem</strong></span> <span class='ocrx_word' id='word_1_186' title='bbox 1321 3254 1407 3316; x_wconf 66' lang='lat' dir='ltr'><strong>[mera</strong></span> 
     </span>
     <span class='ocr_line' id='line_1_25' title="bbox 345 3337 1407 3404; baseline 0.005 -19"><span class='ocrx_word' id='word_1_187' title='bbox 345 3341 444 3390; x_wconf 77' lang='lat' dir='ltr'><strong>«sione</strong></span> <span class='ocrx_word' id='word_1_188' title='bbox 479 3338 622 3402; x_wconf 63' lang='lat' dir='ltr'><strong>obiiceret.</strong></span> <span class='ocrx_word' id='word_1_189' title='bbox 679 3338 737 3389; x_wconf 83' lang='lat' dir='ltr'><strong>iton</strong></span> <span class='ocrx_word' id='word_1_190' title='bbox 767 3339 847 3390; x_wconf 89' lang='lat' dir='ltr'><strong>aiiter</strong></span> <span class='ocrx_word' id='word_1_191' title='bbox 902 3338 956 3390; x_wconf 88' lang='lat' dir='ltr'><strong>dici</strong></span> <span class='ocrx_word' id='word_1_192' title='bbox 974 3339 1099 3390; x_wconf 83' lang='lat' dir='ltr'><strong>hocloco</strong></span> <span class='ocrx_word' id='word_1_193' title='bbox 1111 3340 1157 3404; x_wconf 80' lang='lat' dir='ltr'><strong>qui</strong></span> <span class='ocrx_word' id='word_1_194' title='bbox 1170 3337 1331 3403; x_wconf 84' lang='lat' dir='ltr'><strong>stipuiatur,</strong></span> <span class='ocrx_word' id='word_1_195' title='bbox 1350 3351 1407 3390; x_wconf 87' lang='lat' dir='ltr'><strong>non</strong></span> 
     </span>
     <span class='ocr_line' id='line_1_26' title="bbox 344 3425 1408 3492; baseline 0.006 -20"><span class='ocrx_word' id='word_1_196' title='bbox 344 3428 451 3490; x_wconf 71' lang='lat' dir='ltr'><strong>«igitur</strong></span> <span class='ocrx_word' id='word_1_197' title='bbox 466 3426 583 3490; x_wconf 74' lang='lat' dir='ltr'><strong>legenda</strong></span> <span class='ocrx_word' id='word_1_198' title='bbox 600 3425 709 3477; x_wconf 86' lang='lat' dir='ltr'><strong>uidetur</strong></span> <span class='ocrx_word' id='word_1_199' title='bbox 726 3426 755 3476; x_wconf 86' lang='lat' dir='ltr'><strong>iu</strong></span> <span class='ocrx_word' id='word_1_200' title='bbox 773 3439 799 3478; x_wconf 86' lang='lat' dir='ltr'><strong>o.</strong></span> <span class='ocrx_word' id='word_1_201' title='bbox 817 3425 845 3476; x_wconf 82' lang='lat'><strong>⁸.</strong></span> <span class='ocrx_word' id='word_1_202' title='bbox 902 3427 951 3492; x_wconf 79' lang='lat' dir='ltr'><strong>qui</strong></span> <span class='ocrx_word' id='word_1_203' title='bbox 980 3427 1120 3492; x_wconf 73' lang='lat' dir='ltr'><strong>stipulanti</strong></span> <span class='ocrx_word' id='word_1_204' title='bbox 1152 3427 1299 3492; x_wconf 83' lang='lat' dir='ltr'><strong>promittit;</strong></span> <span class='ocrx_word' id='word_1_205' title='bbox 1338 3427 1408 3478; x_wconf 86' lang='lat' dir='ltr'><strong>iilud</strong></span> 
     </span>
     <span class='ocr_line' id='line_1_27' title="bbox 344 3513 1407 3580; baseline -0.001 -14"><span class='ocrx_word' id='word_1_206' title='bbox 344 3522 397 3566; x_wconf 78' lang='lat' dir='ltr'><strong>set</strong></span> <span class='ocrx_word' id='word_1_207' title='bbox 413 3516 474 3575; x_wconf 49' lang='lat'><strong>274</strong></span> <span class='ocrx_word' id='word_1_208' title='bbox 503 3520 617 3580; x_wconf 72' lang='lat' dir='ltr'><strong>unoque</strong></span> <span class='ocrx_word' id='word_1_209' title='bbox 638 3515 712 3566; x_wconf 87' lang='lat' dir='ltr'><strong>enim</strong></span> <span class='ocrx_word' id='word_1_210' title='bbox 729 3514 790 3565; x_wconf 86' lang='lat' dir='ltr'><strong>ioco</strong></span> <span class='ocrx_word' id='word_1_211' title='bbox 808 3513 848 3565; x_wconf 88' lang='lat' dir='ltr'><strong>di·</strong></span> <span class='ocrx_word' id='word_1_212' title='bbox 903 3528 970 3566; x_wconf 88' lang='lat' dir='ltr'><strong>uero</strong></span> <span class='ocrx_word' id='word_1_213' title='bbox 996 3529 1052 3566; x_wconf 90' lang='lat' dir='ltr'><strong>noo</strong></span> <span class='ocrx_word' id='word_1_214' title='bbox 1079 3515 1227 3576; x_wconf 72' lang='lat' dir='ltr'><strong>intonent,</strong></span> <span class='ocrx_word' id='word_1_215' title='bbox 1254 3514 1407 3579; x_wconf 86' lang='lat' dir='ltr'><strong>simplicem</strong></span> 
     </span>
     <span class='ocr_line' id='line_1_28' title="bbox 345 3602 1405 3668; baseline 0.004 -19"><span class='ocrx_word' id='word_1_216' title='bbox 345 3604 441 3655; x_wconf 75' lang='lat' dir='ltr'><strong>«citur</strong></span> <span class='ocrx_word' id='word_1_217' title='bbox 455 3616 486 3655; x_wconf 87' lang='lat' dir='ltr'><strong>ex</strong></span> <span class='ocrx_word' id='word_1_218' title='bbox 499 3615 614 3668; x_wconf 88' lang='lat' dir='ltr'><strong>persona</strong></span> <span class='ocrx_word' id='word_1_219' title='bbox 627 3603 781 3663; x_wconf 82' lang='lat' dir='ltr'><strong>Praetoris,</strong></span> <span class='ocrx_word' id='word_1_220' title='bbox 801 3602 847 3665; x_wconf 78' lang='lat' dir='ltr'><strong>uui</strong></span> <span class='ocrx_word' id='word_1_221' title='bbox 903 3616 962 3654; x_wconf 88' lang='lat' dir='ltr'><strong>esse</strong></span> <span class='ocrx_word' id='word_1_222' title='bbox 983 3604 1159 3668; x_wconf 84' lang='lat' dir='ltr'><strong>sponsionem</strong></span> <span class='ocrx_word' id='word_1_223' title='bbox 1189 3617 1241 3653; x_wconf 90' lang='lat' dir='ltr'><strong>nec</strong></span> <span class='ocrx_word' id='word_1_224' title='bbox 1266 3609 1405 3662; x_wconf 86' lang='lat' dir='ltr'><strong>mutuam,</strong></span> 
     </span>
     <span class='ocr_line' id='line_1_29' title="bbox 345 3691 1408 3755; baseline 0.003 -18"><span class='ocrx_word' id='word_1_225' title='bbox 345 3691 514 3743; x_wconf 78' lang='lat' dir='ltr'><strong>siormuiam</strong></span> <span class='ocrx_word' id='word_1_226' title='bbox 537 3693 573 3742; x_wconf 88' lang='lat' dir='ltr'><strong>ita</strong></span> <span class='ocrx_word' id='word_1_227' title='bbox 591 3692 782 3755; x_wconf 75' lang='lat' dir='ltr'><strong>nuncupabat,</strong></span> <span class='ocrx_word' id='word_1_228' title='bbox 809 3691 848 3740; x_wconf 87' lang='lat' dir='ltr'><strong>uti</strong></span> <span class='ocrx_word' id='word_1_229' title='bbox 903 3692 1150 3755; x_wconf 63' lang='lat' dir='ltr'><strong>aeumulamini</strong></span> <span class='ocrx_word' id='word_1_230' title='bbox 1165 3693 1330 3755; x_wconf 62' lang='lat' dir='ltr'><strong>meseonem</strong></span> <span class='ocrx_word' id='word_1_231' title='bbox 1344 3704 1408 3754; x_wconf 84' lang='lat' dir='ltr'><strong>pro·</strong></span> 
     </span>
     <span class='ocr_line' id='line_1_30' title="bbox 347 3780 1408 3844; baseline 0.001 -17"><span class='ocrx_word' id='word_1_232' title='bbox 347 3786 428 3832; x_wconf 78' lang='lat' dir='ltr'><strong>«erat</strong></span> <span class='ocrx_word' id='word_1_233' title='bbox 454 3781 609 3844; x_wconf 78' lang='lat' dir='ltr'><strong>usurpanda</strong></span> <span class='ocrx_word' id='word_1_234' title='bbox 629 3781 733 3840; x_wconf 87' lang='lat' dir='ltr'><strong>abeo,</strong></span> <span class='ocrx_word' id='word_1_235' title='bbox 766 3791 848 3843; x_wconf 82' lang='lat' dir='ltr'><strong>quem</strong></span> <span class='ocrx_word' id='word_1_236' title='bbox 903 3793 1001 3831; x_wconf 85' lang='lat' dir='ltr'><strong>uocare</strong></span> <span class='ocrx_word' id='word_1_237' title='bbox 1019 3782 1078 3831; x_wconf 86' lang='lat' dir='ltr'><strong>eius</strong></span> <span class='ocrx_word' id='word_1_238' title='bbox 1096 3793 1176 3837; x_wconf 85' lang='lat' dir='ltr'><strong>esse,</strong></span> <span class='ocrx_word' id='word_1_239' title='bbox 1195 3780 1408 3844; x_wconf 83' lang='lat' dir='ltr'><strong>quiuets&#39;tspon·</strong></span> 
     </span>
     <span class='ocr_line' id='line_1_31' title="bbox 347 3860 1409 3933; baseline 0.003 -18"><span class='ocrx_word' id='word_1_240' title='bbox 347 3868 487 3933; x_wconf 70' lang='lat' dir='ltr'><strong>«primum</strong></span> <span class='ocrx_word' id='word_1_241' title='bbox 505 3870 680 3933; x_wconf 84' lang='lat' dir='ltr'><strong>sponsionem</strong></span> <span class='ocrx_word' id='word_1_242' title='bbox 697 3869 787 3919; x_wconf 86' lang='lat' dir='ltr'><strong>iacere</strong></span> <span class='ocrx_word' id='word_1_243' title='bbox 809 3868 849 3916; x_wconf 90' lang='lat' dir='ltr'><strong>iu·</strong></span> <span class='ocrx_word' id='word_1_244' title='bbox 905 3867 1010 3918; x_wconf 86' lang='lat' dir='ltr'><strong>sionem</strong></span> <span class='ocrx_word' id='word_1_245' title='bbox 1028 3869 1108 3929; x_wconf 89' lang='lat' dir='ltr'><strong>deri,</strong></span> <span class='ocrx_word' id='word_1_246' title='bbox 1128 3881 1184 3918; x_wconf 89' lang='lat' dir='ltr'><strong>nou</strong></span> <span class='ocrx_word' id='word_1_247' title='bbox 1203 3868 1249 3930; x_wconf 78' lang='lat' dir='ltr'><strong>qui</strong></span> <span class='ocrx_word' id='word_1_248' title='bbox 1267 3874 1377 3918; x_wconf 72' lang='lat' dir='ltr'><strong>seruam·</strong></span> <span class='ocrx_word' id='word_1_249' title='bbox 1407 3860 1409 3865; x_wconf 72' lang='grc'><strong>’</strong></span> 
     </span>
     <span class='ocr_line' id='line_1_32' title="bbox 346 3955 1409 4021; baseline 0.003 -18"><span class='ocrx_word' id='word_1_250' title='bbox 346 3959 468 4018; x_wconf 72' lang='lat' dir='ltr'><strong>abebat,</strong></span> <span class='ocrx_word' id='word_1_251' title='bbox 495 3957 576 4021; x_wconf 89' lang='lat' dir='ltr'><strong>piane</strong></span> <span class='ocrx_word' id='word_1_252' title='bbox 602 3962 631 4007; x_wconf 88' lang='lat' dir='ltr'><strong>ui</strong></span> <span class='ocrx_word' id='word_1_253' title='bbox 656 3957 704 4021; x_wconf 86' lang='lat' dir='ltr'><strong>qui</strong></span> <span class='ocrx_word' id='word_1_254' title='bbox 721 3957 849 4007; x_wconf 88' lang='lat' dir='ltr'><strong>aduersa·</strong></span> <span class='ocrx_word' id='word_1_255' title='bbox 939 3955 984 4011; x_wconf 81' lang='grc'><strong>511)</strong></span> <span class='ocrx_word' id='word_1_256' title='bbox 1009 3955 1088 4007; x_wconf 83' lang='lat' dir='ltr'><strong>Coei.</strong></span> <span class='ocrx_word' id='word_1_257' title='bbox 1108 3957 1288 4006; x_wconf 81' lang='lat' dir='ltr'><strong>Feocs&#39;oietum</strong></span> <span class='ocrx_word' id='word_1_258' title='bbox 1312 3962 1339 4006; x_wconf 85' lang='lat' dir='ltr'><strong>ei</strong></span> <span class='ocrx_word' id='word_1_259' title='bbox 1358 3955 1409 4006; x_wconf 83' lang='lat' dir='ltr'><strong>Ge·</strong></span> 
     </span>
     <span class='ocr_line' id='line_1_33' title="bbox 347 4044 1407 4108; baseline 0 -16"><span class='ocrx_word' id='word_1_260' title='bbox 347 4047 442 4096; x_wconf 80' lang='lat' dir='ltr'><strong>urium</strong></span> <span class='ocrx_word' id='word_1_261' title='bbox 463 4045 497 4095; x_wconf 93' lang='lat' dir='ltr'><strong>ad</strong></span> <span class='ocrx_word' id='word_1_262' title='bbox 516 4045 691 4108; x_wconf 73' lang='lat' dir='ltr'><strong>sponsionem</strong></span> <span class='ocrx_word' id='word_1_263' title='bbox 718 4055 848 4108; x_wconf 89' lang='lat' dir='ltr'><strong>prouoca-</strong></span> <span class='ocrx_word' id='word_1_264' title='bbox 903 4044 1182 4097; x_wconf 65' lang='lat' dir='ltr'><strong>rusciensium.</strong></span> <span class='ocrx_word' id='word_1_265' title='bbox 1209 4044 1333 4105; x_wconf 86' lang='lat' dir='ltr'><strong>Quorum</strong></span> <span class='ocrx_word' id='word_1_266' title='bbox 1353 4045 1407 4103; x_wconf 85' lang='lat' dir='ltr'><strong>bic,</strong></span> 
     </span>
     <span class='ocr_line' id='line_1_34' title="bbox 347 4132 1409 4196; baseline -0.005 -11"><span class='ocrx_word' id='word_1_267' title='bbox 347 4136 432 4193; x_wconf 76' lang='lat' dir='ltr'><strong>ebat,</strong></span> <span class='ocrx_word' id='word_1_268' title='bbox 460 4145 520 4184; x_wconf 89' lang='lat' dir='ltr'><strong>eam</strong></span> <span class='ocrx_word' id='word_1_269' title='bbox 546 4132 691 4183; x_wconf 86' lang='lat' dir='ltr'><strong>termulam</strong></span> <span class='ocrx_word' id='word_1_270' title='bbox 713 4132 846 4189; x_wconf 81' lang='lat' dir='ltr'><strong>addebat,</strong></span> <span class='ocrx_word' id='word_1_271' title='bbox 905 4133 1027 4192; x_wconf 78' lang='lat' dir='ltr'><strong>«Ferri,</strong></span> <span class='ocrx_word' id='word_1_272' title='bbox 1056 4133 1160 4196; x_wconf 86' lang='lat' dir='ltr'><strong>iuquit,</strong></span> <span class='ocrx_word' id='word_1_273' title='bbox 1189 4132 1300 4193; x_wconf 75' lang='lat' dir='ltr'><strong>uuiuata</strong></span> <span class='ocrx_word' id='word_1_274' title='bbox 1329 4133 1409 4183; x_wconf 82' lang='lat' dir='ltr'><strong>ieciio</strong></span> 
     </span>
     <span class='ocr_line' id='line_1_35' title="bbox 348 4217 1408 4288; baseline 0.001 -19"><span class='ocrx_word' id='word_1_275' title='bbox 348 4238 424 4288; x_wconf 82' lang='lat' dir='ltr'><strong>uque</strong></span> <span class='ocrx_word' id='word_1_276' title='bbox 454 4236 518 4275; x_wconf 90' lang='lat' dir='ltr'><strong>eum</strong></span> <span class='ocrx_word' id='word_1_277' title='bbox 554 4221 719 4273; x_wconf 86' lang='lat' dir='ltr'><strong>contendere</strong></span> <span class='ocrx_word' id='word_1_278' title='bbox 755 4234 848 4270; x_wconf 88' lang='lat' dir='ltr'><strong>secum</strong></span> <span class='ocrx_word' id='word_1_279' title='bbox 905 4217 998 4281; x_wconf 85' lang='lat' dir='ltr'><strong>a(ss&#39;..</strong></span> <span class='ocrx_word' id='word_1_280' title='bbox 1015 4234 1069 4270; x_wconf 79' lang='lat' dir='ltr'><strong>uos</strong></span> <span class='ocrx_word' id='word_1_281' title='bbox 1082 4218 1145 4282; x_wconf 78' lang='lat' dir='ltr'><strong>sini)</strong></span> <span class='ocrx_word' id='word_1_282' title='bbox 1164 4220 1290 4271; x_wconf 82' lang='lat' dir='ltr'><strong>hocloco</strong></span> <span class='ocrx_word' id='word_1_283' title='bbox 1305 4226 1408 4284; x_wconf 78' lang='lat' dir='ltr'><strong>potest:</strong></span> 
     </span>
    </p>
   </div>
   <div class='ocr_carea' id='block_1_6' title="bbox 0 0 1577 5046">
    <p class='ocr_par' dir='ltr' id='par_1_11' title="bbox 0 0 1577 5046">
     <span class='ocr_line' id='line_1_36' title="bbox 0 0 1577 5046; baseline 0 0"><span class='ocrx_word' id='word_1_284' title='bbox 0 0 1577 5046; x_wconf 95' lang='lat' dir='ltr'><strong> </strong></span> 
     </span>
    </p>
   </div>
  </div>
 </body>
</html>
