3114 5046
253 338 291 415 s.
314 325 356 401 2.
414 322 607 412 Quorum
632 320 695 396 N'.
723 322 821 395 hono
851 320 912 409 0⁸⁶.
937 319 1158 420 possederit.
1203 320 1243 382 ⁶¹

176 510 370 599 huhest³³)‚
393 515 553 580 honorum
576 531 618 578 ex
636 511 758 581 Edicto
773 511 1048 598 possidendorum
1070 512 1142 577 iure
1165 510 1245 575 iun-

177 635 267 700 ditus
289 634 502 701 destituatur.

238 795 281 859 ln
313 813 459 879 summu,
495 797 615 879 purutu
651 791 784 858 tundem
821 793 885 856 erit
921 790 964 856 ud
1002 791 1244 878 quaestionem,
1262 787 1412 905 &w

176 915 252 982 huic
275 913 491 1005 paragrapho
513 916 730 1001 inscriptum,
751 913 836 980 hueo
857 914 1055 999 responsio:

237 1073 402 1160 Naeuius,
417 1091 490 1139 eum
506 1072 703 1138 Burrienum
718 1072 912 1138 Praetorem
926 1070 968 1137 de
985 1073 1081 1138 honis
1097 1069 1244 1154 Quinctii

175 1194 388 1281 possidendis
408 1193 538 1280 odiret,
574 1212 737 1260 caussam
755 1195 894 1280 protulit
914 1194 1154 1259 reudimouium
1177 1195 1244 1259 sthi

174 1317 367 1398 desertum,
419 1314 544 1382 Edisti
577 1333 659 1380 uero
702 1320 866 1405 quartam
903 1315 1003 1380 ilium
1048 1314 1244 1380 clotsendem

173 1431 236 1517 (Si
257 1456 388 1501 puseus
410 1455 539 1501 rourum
561 1455 730 1501 neruosus
760 1456 826 1501 nou
855 1426 1003 1516 rurum)
1033 1455 1054 1502 u
1084 1433 1241 1518 Quinctio

174 1560 235 1623 sihi
258 1558 465 1625 commissum
488 1576 565 1623 esse
587 1556 770 1624 contendit.
822 1554 1017 1623 Pemeuiom
1037 1558 1104 1623 sthi
1125 1557 1243 1624 deberi

172 1681 270 1745 simul
296 1679 460 1746 Naeuium
493 1681 541 1744 itu
569 1680 747 1745 uerisimile
769 1682 822 1745 est
843 1678 1047 1759 affirmasse,
1083 1682 1121 1743 ui
1149 1697 1242 1745 com-

174 1801 303 1866 modius
336 1804 446 1866 tumen
482 1801 661 1886 utiliusque
689 1800 844 1884 duceret,
879 1799 1076 1865 reodimouti
1111 1801 1243 1866 deserti

173 1944 270 2008 quum
292 1923 419 1988 crediti
440 1940 591 1990 caussam
613 1922 769 2007 probare.

235 2118 412 2205 Reliquum
434 2122 504 2204 est,
533 2123 569 2183 ut
591 2117 634 2182 ud
657 2120 784 2183 textum
806 2119 895 2184 iliius
916 2136 990 2203 cup.
1013 2112 1091 2204 19„
1123 2137 1144 2184 o
1174 2137 1239 2206 quo
1260 2126 1407 2238 ¹223&ss

174 2239 255 2306 inec
275 2240 382 2305 omnis
403 2238 585 2325 disputatio
606 2239 760 2325 proiecta
781 2243 852 2320 est,
886 2248 1111 2321 reuertemur,
1144 2258 1239 2325 quem
1258 2244 1306 2283 ⁶⁶⁰·

173 2363 215 2426 ah
240 2359 442 2427 Hotomouo
466 2361 610 2426 ohlutum
638 2361 683 2426 ud
708 2363 897 2427 sententiae
924 2359 1055 2446 quidem
1082 2380 1239 2427 summum

174 2485 206 2547 in
236 2482 333 2548 idem
358 2485 507 2548 nostrum
527 2483 714 2567 recepimus
731 2477 788 2567 ³²⁸),
824 2483 941 2548 critice
973 2487 1083 2548 nutem
1107 2484 1239 2549 ratione

172 2602 354 2670 euronium
375 2601 418 2667 ad
442 2602 530 2670 hune
551 2622 657 2689 usque
678 2605 786 2670 iocum
809 2604 1063 2669 reserusuimus.

235 2762 369 2828 Etenim
397 2763 431 2826 in
460 2762 518 2826 iilo
547 2765 662 2846 textu,
696 2780 791 2848 quem
817 2780 921 2847 supra
952 2762 1099 2844 exhibui,
1134 2764 1238 2829 uerhu

173 2887 280 2949 omniu
310 2881 394 2948 huee
418 2880 500 2947 Diei
527 2881 565 2947 to
590 2899 661 2947 nou
685 2887 810 2969 potest.
859 2880 927 2965 om
955 2904 1081 2949 nusuns
1110 2904 1237 2950 ruurcro

174 3023 341 3069 urrussus
360 3022 426 3068 uon
449 3021 588 3068 rurum:
610 3000 667 3070 Ne
689 3003 727 3069 to
748 3003 885 3094 quidem
907 3044 948 3055 —

172 3128 268 3190 unius
299 3122 494 3190 Hotomoui
515 3122 580 3189 iude
602 3127 703 3210 utque
724 3127 925 3192 auctoritate
948 3129 1153 3214 consistunt,
1182 3131 1236 3213 qui

172 3265 212 3311 en
233 3247 320 3312 libro
343 3245 569 3330 manuscripto
592 3247 790 3333 perantiquo
820 3264 860 3312 eu
882 3249 1071 3313 restituisse
1093 3268 1131 3314 se
1154 3269 1237 3334 pro-

172 3367 290 3433 fitetur.

231 3488 389 3554 Proxime
421 3491 532 3554 eutem
567 3488 713 3555 accessit
749 3485 958 3575 Lambinus,
995 3492 1067 3575 ipse
1104 3512 1236 3578 quoque

203 3730 248 3785 33)
276 3730 382 3779 videsis
408 3729 517 3779 Horatii
539 3728 621 3779 serm.
643 3730 672 3791 1,
731 3731 825 3794 «qood
843 3731 997 3780 uadimonio
1018 3744 1072 3781 noo
1087 3735 1234 3794 paruerit»

172 3819 355 3883 hilinum,
377 3819 468 3882 ibique
486 3819 674 3881 Porphyrionis
731 3819 779 3867 rei.
818 3817 896 3868 Coui.
915 3818 1004 3868 L.18.
1025 3820 1113 3870 L.1o.
1149 3821 1189 3872 ne
1206 3822 1234 3870 iu

176 3912 278 3957 tioium:
305 3907 503 3957 «Aduersurius
516 3905 622 3956 molesti
643 3906 672 3954 ii·
731 3907 919 3957 iusuooaudo·
957 3907 1234 3972 Bethmooofloihoep

177 3995 242 4043 «iius
254 3996 398 4046 flentium
411 3995 547 4052 consulit,
567 4008 602 4044 uu
614 4007 674 4057 per·
730 3997 748 4045 Ι.
769 4010 793 4045 c.
813 3992 843 4057 §-
856 3996 901 4046 21.
922 4009 948 4059 p.
962 3995 1024 4046 247.
1049 4055 1052 4061 ¹

179 4084 277 4135 ‹miiiui
295 4098 325 4135 se
338 4083 484 4143 antestari,
506 4083 604 4133 iniectu
616 4097 673 4132 mu·
765 4084 810 4142 33)
829 4084 895 4134 Vide
914 4097 995 4148 supra
1015 4099 1040 4147 p.
1060 4085 1104 4136 te.

181 4185 230 4220 uun
248 4178 415 4224 exureturus
440 4172 474 4221 ad
501 4171 670 4227 Praetorem,
