3114 5046
60 328 144 414 §.a
161 323 327 400 Deflet
342 325 384 399 V.
395 325 776 402 lon.—Solsectoae
788 329 1034 426 quaestiones.
1065 326 1126 388 ¹⁰³

125 536 281 583 tenuato
312 517 468 607 deeset,
500 535 662 602 possesso
693 521 937 603 proscriptione
952 510 989 592 ¹³)
1021 521 1125 606 notit,
1158 523 1277 576 laomim·

125 643 281 703 amatu·
314 638 376 703 rel

121 760 193 824 Iam
215 759 322 842 ipsam
345 758 441 825 buius
463 759 551 846 legis
572 759 798 846 sanctionem,
826 759 945 844 qulbus
970 759 1126 844 personis

60 881 111 945 ius
147 880 314 965 publicum
350 882 398 946 ita
433 882 477 945 sit
509 879 734 965 deminutum,¹
767 880 810 946 ad
847 882 1124 946 existimationem

60 1003 339 1090 ignominiamque
360 1004 548 1090 pertinere,
571 1001 671 1067 hodie
693 1004 782 1066 inter
804 1021 918 1067 omnes
935 994 1125 1078 constat¹⁴l

61 1123 149 1188 occe
171 1124 277 1210 igitur
299 1124 491 1209 opulentum
513 1125 601 1212 legis
623 1124 862 1207 testimonium,
894 1142 961 1208 quo
983 1141 1124 1209 posses-

60 1247 152 1310 sione
174 1262 216 1310 ac
238 1246 502 1330 proscriptione,
528 1264 597 1310 non
624 1244 816 1311 addictione
844 1244 971 1310 demum
1002 1246 1124 1309 exlstl-

61 1368 235 1432 mationem
263 1368 404 1450 perlisse
431 1348 653 1433 confirmetur.
710 1366 782 1433 Nec
810 1366 911 1432 laclle
938 1365 1125 1433 audiendus

61 1491 120 1551 erit
152 1488 211 1573 qui
242 1488 418 1553 uerborum
450 1488 659 1573 proprietate
680 1490 839 1576 neglecta
861 1488 1123 1577 existiment,

60 1610 172 1673 uerbis
203 1608 333 1693 quidem
361 1627 434 1674 eum
468 1608 687 1674 demonstrari
716 1611 812 1676 cuius
845 1610 932 1675 bona
964 1628 1124 1694 possessa

61 1731 293 1814 proscriptaue
314 1734 448 1814 essent,
483 1748 521 1795 re
550 1733 660 1796 autem
688 1733 722 1795 et
748 1731 892 1795 ueritate
915 1749 986 1795 eum
1009 1731 1123 1815 potius

61 1853 200 1940 intelligi
232 1852 287 1937 qui
319 1851 452 1936 plenam
483 1852 734 1937 absolutamque
762 1852 922 1918 bonorum
951 1850 1123 1917 uenditio-

61 1991 278 2058 compassus
307 1976 409 2038 esset.
463 1972 547 2038 Nam
575 1976 612 2038 ut
642 1977 771 2040 taceam
799 1972 842 2039 de
871 1972 1047 2057 Romanis,
1078 1973 1122 2039 ad

60 2092 298 2178 concipiendas
318 2093 572 2179 exarandasquc
593 2094 690 2183 leges
712 2097 851 2160 omnium
874 2094 1038 2161 hominum
1067 2095 1121 2160 di-

58 2215 302 2304 ligentlsslmis,
323 2215 562 2303 subtilissimis,
584 2217 898 2302 scrupulosissimis,
928 2236 1013 2303 quae
1033 2219 1121 2283 ratio

58 2340 104 2402 ost
126 2337 338 2422 existimare,
370 2338 507 2401 nostrae
534 2337 805 2426 legislatorem,
842 2358 938 2423 quum
962 2339 1120 2405 bonorum

58 2455 441 2523 condamnationem
462 2475 568 2542 usque
590 2462 749 2543 peractae
772 2459 943 2545 effectum,
968 2461 1022 2544 qui
1044 2459 1121 2525 Ro-

58 2598 123 2645 mae
146 2577 342 2662 iampridem
376 2580 592 2661 obtinuisset,
620 2579 741 2644 Italiae
768 2600 900 2665 quoque
930 2581 1121 2646 ciuitatibus

58 2701 226 2786 impertire
257 2701 377 2784 uellet,
412 2698 498 2764 adeo
529 2698 643 2764 rudem
679 2703 780 2785 atquc
817 2702 962 2784 ineptum
999 2699 1120 2785 luisse,

58 2824 88 2884 ot
110 2839 175 2906 pro
198 2820 366 2886 bootomm
393 2822 617 2904 rceotdtitone,
652 2839 689 2886 rc
719 2839 761 2887 ac
790 2823 921 2886 nomine
949 2824 1120 2886 notissima

59 2943 349 3028 paratissimoque,
386 2943 539 3031 singulos
566 2942 693 3026 aliquot
718 2946 833 3027 actus,
866 2942 1120 3026 praeparandae

60 3062 259 3128 uenditionls
291 3081 413 3129 caussa
441 3067 672 3148 comparatos,
705 3069 958 3150 possessionem
989 3066 1119 3130 scilicet

62 3202 95 3249 ac
114 3188 426 3271 proscriptionem,
458 3183 719 3271 demonstraret,
746 3183 898 3270 adeoque
928 3204 970 3250 ex
993 3189 1118 3251 certis-

64 3307 135 3370 simo
168 3306 468 3390 uulgatissimoque
499 3307 570 3371 lure
602 3307 790 3395 ambiguum
822 3310 925 3392 atque
958 3308 1118 3374 incertum

65 3419 235 3494 eliceret?

94 3721 135 3786 1³)
162 3724 237 3775 iltuit
269 3723 427 3774 offensionis
458 3725 559 3774 habere
615 3725 676 3774 206.
700 3738 775 3787 seqq.
803 3747 837 3761 -
865 3726 940 3787 Quae
964 3725 1118 3775 Dirtsantos

68 3811 163 3862 tidelm
189 3813 355 3862 disiunctiua
383 3813 452 3863 llaec
479 3814 559 3876 parti·
616 3814 650 3861 ad
678 3813 744 3862 Tab·
766 3813 874 3862 Horaol.
896 3829 921 3878 p.
941 3816 1002 3863 los.
1024 3821 1117 3866 contra

69 3900 213 3951 eulaAEoni.
226 3898 289 3949 Gaii
301 3901 406 3951 comm.
418 3902 465 3950 lll.
478 3898 557 3962 §.aa
617 3902 723 3952 uidetur
742 3901 884 3960 disserere,
904 3903 937 3952 ad
954 3905 1116 3965 propositam

70 4000 120 4037 sum
142 3989 247 4039 comm.
272 3989 317 4038 IV.
343 3987 370 4051 §-
393 3990 453 4039 102.
479 3990 558 4040 Prae·
616 3991 710 4040 saltem
730 3989 879 4039 clausulam
899 4004 952 4040 non
973 3993 1115 4054 pertinent.

71 4081 131 4125 terea
149 4078 179 4127 L.
197 4079 243 4128 5³.
263 4078 303 4126 lle
321 4077 352 4124 V.
372 4077 398 4127 S.
616 4079 693 4129 Conl.
715 4080 780 4128 ibid.
802 4093 827 4141 p.
849 4079 909 4129 llo.

100 4164 138 4227 lt)
157 4165 276 4228 Soeipnp
295 4166 313 4215 l.
335 4179 358 4215 o.
376 4180 401 4229 p.
416 4166 475 4216 197.
494 4165 556 4216 201.
