3114 5046
256 353 294 433 s.
309 343 352 416 d.
391 339 570 441 Defensio
587 341 627 415 in
643 348 775 440 partes
791 343 964 441 locusque
979 339 1138 441 dipesta.
1170 359 1232 422 uie

174 522 344 606 expiorari
366 540 466 607 posse
487 521 697 606 perspicuum
719 525 780 585 esi.
809 517 884 603 Qua
904 521 948 586 de
969 538 1006 585 re
1028 521 1168 586 interius
1189 539 1232 585 ex
1249 546 1389 587 curma..

175 646 349 727 proposito
357 638 386 716 ⁷)
408 644 631 709 tractabimus

237 762 373 829 'l'criius
395 762 600 830 defensionis
620 764 716 829 locus
735 764 792 829 ilie
813 769 883 849 est,
905 782 969 848 quc
992 768 1105 829 orator
1119 763 1234 847 docet,
1256 758 1323 861 ξιξ·
1345 768 1390 802 ‘⁶‘-

1249 619 1316 662 Ιιοω
1328 622 1388 662 risos·

173 887 303 952 etnam
329 890 364 951 in
386 884 504 950 damno
527 887 560 950 ni
581 884 767 950 hominibus
788 887 924 951 maratis
945 886 1114 952 coactisne
1135 904 1157 949 a
1179 885 1234 949 ia-

172 1007 264 1072 milia
291 1006 370 1071 dato
393 1008 507 1091 quaeri
528 1008 663 1088 liceret,
694 1008 766 1072 iure
788 1025 830 1070 an
853 1008 971 1071 iniuria
992 1004 1103 1071 datum
1126 1013 1233 1091 esset,

172 1134 286 1193 tamen
306 1126 434 1193 irnstra
456 1126 644 1208 Quinctium
666 1127 875 1215 elaborasse,
896 1131 933 1192 ut
954 1129 1078 1213 siiquid
1100 1128 1232 1213 planum

171 1248 320 1330 iaceret,
342 1267 406 1332 quc
422 1247 562 1313 Tullium
583 1247 743 1313 eiusmodi
759 1248 909 1314 damnum
924 1251 996 1315 iure
1012 1269 1143 1334 passum
1158 1269 1233 1315 esse

171 1371 326 1455 cuiquam
349 1368 541 1453 persuaderi
564 1373 692 1455 posset.

237 1490 320 1558 Nam
344 1490 432 1576 quod
452 1494 589 1578 primum
611 1493 720 1580 legem
741 1490 783 1558 de
802 1513 851 1557 nn
873 1491 1010 1557 Tabulis
1030 1495 1234 1576 recituuerii,

172 1631 239 1701 qua
260 1614 361 1681 iiceai
382 1614 488 1679 iurem
507 1617 609 1679 noctu
624 1611 796 1697 occidere,
818 1616 995 1699 quinetiam
1010 1615 1102 1701 luce,
1123 1618 1151 1680 si
1167 1614 1233 1680 telo

172 1753 211 1801 se
233 1732 411 1818 defendat,
433 1737 501 1799 tum
523 1733 564 1799 de
585 1734 717 1822 legibus
739 1737 881 1800 sacratis
897 1735 1000 1821 iiiam,
1022 1754 1107 1821 quae
1122 1736 1235 1801 iubeat
1339 1766 1343 1773 ¹

173 1858 307 1942 impune
329 1854 436 1922 cecidi
458 1875 550 1938 eum,
571 1857 624 1940 qni
648 1854 826 1920 Tribunum
847 1857 956 1942 piebis
977 1858 1161 1941 pulsauerit
1168 1876 1179 1943 3
1202 1857 1234 1922 id

173 1995 257 2045 sane
279 1976 324 2046 ad
343 1976 407 2044 iroc
429 1976 583 2043 indicium
603 1997 671 2042 non
694 1979 878 2062 pertinere,
910 1979 985 2063 quia
1010 1996 1106 2042 nemo
1128 1977 1236 2065 dicat,

172 2116 294 2164 seruos
322 2097 374 2165 M.
405 2096 503 2164 Tullii
530 2098 672 2184 aliquem
702 2097 881 2165 Tribunum
914 2099 1021 2183 piebis
1048 2100 1234 2183 puisuuisse

172 2221 233 2285 aut
254 2219 399 2287 iuratum
423 2219 551 2285 domum
573 2219 613 2285 P.
634 2219 731 2287 Fabii
751 2222 894 2286 uenisse.
937 2217 1000 2287 Sin
1020 2224 1129 2286 autem
1152 2240 1235 2306 prc-

172 2347 292 2427 pterea
312 2342 388 2406 iiias
409 2342 506 2429 leges
527 2340 740 2406 aduersarius
762 2342 954 2407 recitauerit
977 2342 1066 2414 (nem
1086 2344 1236 2407 anterius

173 2460 263 2528 istud
278 2461 456 2529 cauillandi
467 2465 573 2552 magis
588 2481 684 2549 qnam
698 2461 861 2551 arguendi
877 2480 996 2528 caussa
1009 2482 1046 2529 se
1062 2463 1235 2547 obiecisse,

171 2581 294 2651 cicero
316 2586 373 2647 uix
395 2586 467 2668 ipse
490 2583 701 2667 dissimulat),
722 2587 759 2647 ut
782 2583 935 2664 doceret,
958 2603 1023 2649 non
1040 2586 1143 2649 uisum
1160 2602 1235 2650 esse

173 2705 353 2771 maioribus
379 2709 445 2769 iam
468 2704 638 2794 indignum
661 2706 794 2771 facinus
815 2704 975 2770 hominem
999 2704 1105 2772 occidi
1113 2726 1123 2791 3
1149 2703 1234 2770 adeo

171 2826 255 2894 nihii
277 2844 350 2891 eum
373 2828 500 2914 egisse,
531 2830 566 2891 ut
588 2828 687 2892 etiam
708 2829 816 2913 magis
838 2828 915 2891 inde
936 2831 1116 2911 appareat,
1138 2847 1234 2912 quam

172 2950 356 3031 noluerint,
385 2950 449 3012 nisi
471 2967 543 3014 cum
567 2967 766 3033 pernecesse
789 2953 896 3029 esset,
927 2948 1087 3013 nominem
1111 2947 1234 3029 occidi,

172 3088 271 3156 qnam
303 3072 406 3165 certis
432 3070 565 3157 iegibus
586 3068 673 3135 hanc
702 3071 935 3135 necessitatem
962 3067 1171 3134 definiuerint
1193 3088 1233 3135 ac

171 3192 511 3275 circumscripserint,
533 3208 596 3257 nec
619 3193 681 3255 nisi
704 3193 774 3255 iure
790 3193 972 3257 constituto
997 3209 1095 3275 posse
1117 3210 1234 3276 quem-

174 3332 272 3401 quam
294 3315 425 3398 impune
448 3310 553 3378 occidi
577 3315 786 3397 censuerint3
809 3310 1101 3397 quippequiadec
1118 3314 1235 3395 siquis

174 3453 270 3521 quem
292 3432 484 3518 imprudens
505 3432 701 3518 occidisset,
722 3433 859 3501 huiusce
881 3437 929 3500 rei
945 3437 1072 3500 nenium
1088 3453 1155 3498 non
1171 3432 1235 3498 de-

172 3555 301 3638 derint,
321 3554 381 3621 sed
404 3573 543 3638 poenam
565 3572 606 3619 ac
630 3557 792 3639 piaculum
814 3558 1001 3622 statuerint.

206 3730 235 3798 7)
246 3732 316 3785 Vide
330 3745 399 3797 quse
411 3744 492 3794 cupre
506 3730 616 3794 precisti
633 3744 677 3783 ru·
734 3745 778 3787 rc.
798 3739 828 3781 ut
839 3732 950 3784 niteram
960 3732 994 3781 rii
1008 3733 1089 3782 cicero
1102 3732 1234 3794 disiunge·

175 3834 234 3873 mus
251 3821 278 3871 ir.
290 3816 364 3884 §pho
377 3834 404 3883 p.
415 3820 477 3871 620.
490 3845 520 3856 -
534 3821 590 3882 Qus
602 3831 676 3882 parte
734 3830 783 3878 ret.
798 3821 927 3879 conteras,
942 3819 1050 3870 inrisere
1065 3819 1111 3868 tibi
1123 3822 1150 3869 in
1160 3831 1233 3870 men·

178 3915 198 3961 ri
210 3922 294 3976 quem
310 3910 389 3960 modo
402 3910 579 3961 demonstrrni
592 3908 677 3959 siiini-
733 3906 1231 3972 temuenient,superlicioccfflem.

177 4005 255 4053 uum
268 4003 336 4051 iuter
347 4010 394 4057 cc,
413 4011 481 4061 qnae
491 3998 524 4048 de
534 3998 676 4048 dolomate
732 3997 791 4047 Lib.
809 3997 845 4047 ΙΙ.
866 3993 1005 4060 prptid.)
1016 3996 1049 4047 de
1065 3995 1115 4047 hoc
1130 3995 1233 4047 artificii

179 4092 280 4150 atquae
290 4087 676 4149 dctniuriuQnincumdispu·
732 4098 838 4150 genere,
852 4085 964 4136 chrtri
978 4084 1094 4137 moribus
1108 4084 1177 4136 itud
1188 4082 1235 4132 rii·

180 4175 677 4237 unit,camintenudncmsmnncu·
733 4188 799 4237 cuc,
817 4175 974 4240 significent.

216 4272 449 4320 hominunm.
1004 4261 1046 4322 1⁸0
