3114 5046
57 345 94 420 s.
107 333 148 406 4.
167 329 230 406 De
239 331 287 406 P.
298 341 336 407 et
353 331 396 405 V.
406 332 550 405 boa—
563 329 1057 434 Subseciaaeqaaestioaes.
1090 332 1131 395 8⁹

59 520 151 608 quod
167 525 201 586 in
216 524 362 608 quinque
378 517 629 587 Oxoniensibus
643 526 744 609 atque
760 524 793 587 in
812 523 994 590 ltresdensi
1011 524 1130 593 deesse
1152 529 1300 640 tffloffiss

60 643 184 710 dietim
205 661 254 708 eat
275 648 356 709 ante
377 660 494 708 uocem
516 640 700 722 Edicto³⁰h
1124 662 1127 667 ·
1150 646 1196 686 si·

122 797 305 868 Sententia
326 806 438 867 autem
459 801 653 886 planissima
675 822 748 868 meo
771 802 902 889 quidem
924 803 1047 871 iudicio
1074 811 1132 872 at-

62 943 124 1010 que
147 925 361 1009 apertissima
382 921 467 989 haee
489 929 558 989 est:

122 1083 215 1149 Nihil
246 1081 393 1164 Quinctii
423 1083 610 1164 referebat,
646 1087 683 1148 ut
712 1085 806 1149 amici
837 1082 1034 1150 Praetorem
1055 1084 1132 1149 adi-

60 1213 150 1289 rent,
172 1226 218 1271 ne
239 1206 367 1273 Naeuio
390 1210 427 1271 ut
450 1207 538 1272 bona
560 1205 750 1291 possideret
777 1208 961 1290 postulanti
992 1208 1133 1290 permit·

61 1333 159 1394 teret.
214 1328 293 1402 Nou
321 1330 426 1401 enim,
456 1329 553 1413 quasi
581 1345 702 1392 caussa
735 1329 874 1415 cognita
904 1330 1133 1413 apparuisset,
1243 1364 1246 1371 -

62 1448 254 1532 Quinctium
276 1430 497 1537 uadimonium
514 1448 704 1524 deseruisse
718 1466 782 1514 nee
797 1448 971 1514 absentem
985 1448 1134 1532 defendi,

62 1575 104 1638 ita
127 1572 278 1637 Praetor
297 1588 385 1654 pace
407 1568 571 1637 Naeuium
593 1569 768 1657 possidere
790 1572 942 1648 iubebat,
969 1573 1064 1636 immo
1086 1590 1135 1635 es

63 1694 194 1760 Edicto
218 1693 393 1778 possidere
420 1693 570 1779 iubebat,
600 1692 632 1757 h.
657 1712 685 1758 e.
707 1711 748 1758 ee
771 1696 900 1762 mente,
934 1695 971 1758 ut
994 1690 1134 1776 perinde

63 1823 92 1879 et
114 1817 298 1900 permissio
319 1817 353 1878 et
368 1818 539 1900 possessio
554 1818 629 1881 rata
644 1819 754 1900 esset,
774 1818 876 1900 atque
892 1812 1014 1878 Edicto
1030 1832 1135 1880 caus-

64 1941 176 2023 sisque
219 1938 444 2021 possessionis
483 1936 686 2002 obtinendae
721 1938 755 2000 in
791 1935 914 2002 Edicto
940 1920 1135 2021 =propositis

63 2059 275 2124 satisfactum
311 2060 412 2123 esset.
470 2055 566 2138 Quae
602 2061 756 2143 quaestio
790 2077 888 2143 quum
923 2056 1135 2122 aPrnetore

63 2183 197 2269 integra
212 2183 331 2265 atque,
352 2183 453 2244 atita
470 2178 596 2267 dieam,
618 2181 652 2243 in
674 2179 855 2264 hypothesi
878 2179 1135 2269 relinqueretur,

65 2301 141 2365 nihii
166 2303 313 2367 imissa
337 2304 554 2385 possessione
584 2301 664 2368 dats
691 2320 800 2387 neque
829 2301 960 2368 Naeuio
989 2319 1135 2387 quaere·
1198 2376 1203 2382 ,

67 2424 163 2487 batur
197 2441 308 2508 neque
345 2420 502 2513 Quinctio
535 2406 796 2505 detrahebatur,
830 2424 925 2501 siue,
958 2426 995 2487 ut
1024 2422 1134 2488 Paulli

68 2545 178 2609 uerbis
212 2549 364 2629 utamur,
400 2543 491 2611 nthtt
521 2542 683 2612 Naeuius
717 2543 784 2610 stbt
816 2545 1040 2634 acquirebat,
1072 2544 1136 2610 sed

70 2666 201 2756 ailquid
233 2683 280 2729 ea
310 2667 432 2731 ordine
464 2665 633 2750 foetebat.
689 2663 909 2745 Quamobrem
944 2664 1031 2730 haud
1061 2666 1135 2730 sine

71 2790 196 2852 ratione
226 2785 356 2852 Tullius
388 2793 493 2876 negat
525 2789 703 2852 attinuisse
736 2805 928 2872 quemquam
960 2802 1136 2869 recusare,

74 2912 141 2991 quin
177 2909 268 2974 bona
303 2909 467 2994 possideri
503 2911 717 2987 iuberentur,
753 2911 877 2993 quippe
908 2926 1136 2994 quaecumque

76 3035 145 3096 tune
168 3032 285 3096 ualere
308 3034 515 3115 potuissent,
539 3032 713 3117 quominus
729 3029 1000 3114 possiderentur,
1020 3029 1137 3096 eadem

76 3158 187 3231 postea
209 3151 405 3218 tantundem
428 3154 602 3239 ualebant,
633 3153 807 3237 quominus
836 3171 878 3216 ex
908 3151 1030 3217 Edicto
1053 3171 1137 3237 pos-

79 3272 168 3337 sideri
192 3292 394 3357 possessoue
417 3292 493 3338 esse
515 3272 719 3338 uiderentur.

132 3395 229 3461 Hune
259 3413 340 3460 uero
368 3398 434 3461 loci
462 3397 569 3460 nostri
598 3397 800 3462 sententiam
828 3398 884 3481 qut
911 3415 979 3460 non
1001 3397 1138 3462 intelte-

82 3523 207 3598 xerunt,
231 3518 351 3601 quibus
373 3519 578 3583 coniecturis
598 3519 784 3602 quibusque
807 3516 849 3583 de
871 3519 943 3601 iure
960 3523 1027 3583 tam
1043 3535 1137 3584 eom-

86 3641 156 3700 muni
186 3658 284 3723 quam
314 3636 514 3720 Quinctiano
543 3640 737 3704 commentis
761 3658 831 3705 rem
859 3641 1008 3728 egerint,
1045 3659 1138 3704 sum-

85 3763 180 3823 matim
214 3779 423 3845 percurram,
460 3779 597 3844 eamque
631 3780 732 3845 spero
766 3761 842 3826 mihi
881 3762 1010 3826 tutioris
1041 3760 1139 3826 huius

89 3882 239 3945 tractatus
262 3885 509 3947 excusationem
533 3883 618 3946 fore.

126 4092 157 4153 30)
175 4096 250 4145 boort
271 4097 298 4144 in
324 4097 453 4145 tredecim
478 4096 575 4145 Parisi-
632 4096 728 4146 diebus
746 4096 860 4146 contuli.
898 4097 966 4147 Vide
984 4096 1054 4146 inira
1074 4095 1138 4146 atte-

101 4181 200 4242 ensibus,
225 4199 292 4249 quos
314 4187 370 4248 ipse
390 4187 482 4249 paucis
501 4185 575 4236 hisce
632 4196 693 4234 rum
713 4191 835 4236 nostrum
854 4190 945 4248 eaput.
