3114 5046
222 344 260 422 9.
283 332 324 406 3.
377 329 438 406 De
459 329 659 406 interdicto
686 330 732 406 de
756 333 799 407 ori
820 339 984 406 armata.
1065 330 1126 393 3⁴¹

63 533 217 620 grauiter
256 532 290 596 in
337 531 410 596 eius
449 528 621 596 eudociam
672 534 706 594 et
744 530 964 614 petulentiam
1015 526 1127 595 innebi
1146 545 1181 583 n·
1195 553 1216 584 o
1231 545 1289 584 noo.

65 671 206 740 eumque
227 654 352 720 aeriter
379 652 443 718 boe
472 653 602 717 nomine
626 651 855 740 perstringere
877 669 945 716 non
966 668 1128 737 superse-

65 774 191 861 disset3
225 792 333 859 neque
362 767 406 853 (id
427 775 544 838 merito
566 765 751 851 adiicietur]
775 791 840 857 quo
862 772 938 838 loeo
960 773 1127 856 quereiam

64 896 106 962 de
137 896 320 962 atrocitate
356 890 532 960 ereirtoe
568 896 602 958 in
635 894 792 984 eligendo
824 895 968 961 aetionis
999 911 1127 983 genere

65 1008 261 1104 retentet),
283 1015 326 1081 de
346 1035 388 1082 ea
409 1033 447 1081 re
469 1017 631 1082 tacuisset
642 1008 690 1093 ⁴³).

126 1137 283 1223 nonique
313 1154 457 1202 summae
492 1137 538 1202 iiii
571 1139 799 1223 pristinaeque
828 1135 927 1202 buius
957 1134 1127 1204 interdicti

64 1259 238 1326 seueritati
252 1256 394 1344 odioque
414 1262 613 1323 armatorum
631 1257 795 1323 hominum
816 1258 996 1344 similisque
1018 1258 1126 1326 lieen-

65 1382 148 1470 ttae,
182 1397 269 1466 quae
298 1377 554 1446 constituendae
583 1381 655 1445 eius
672 1380 826 1447 aetionis
852 1397 973 1447 caussa
994 1374 1126 1465 initii),

66 1501 164 1568 naide
187 1504 448 1568 consentaneum
471 1503 540 1585 est,
574 1519 617 1566 ea
645 1518 776 1586 qnoque
805 1503 903 1585 perte
923 1503 1128 1586 asperiorem

66 1624 267 1709 aprineipio
290 1622 438 1688 ordinem
460 1624 649 1709 exitumque
672 1623 776 1689 tuisse
783 1641 793 1708 3
815 1642 910 1708 quen
934 1625 1039 1688 totum
1061 1642 1128 1709 po-

65 1750 154 1831 stes,
192 1743 323 1810 sedatis
352 1744 453 1809 rebus
484 1743 675 1830 domitaque
707 1745 913 1830 priuatorum
945 1742 1128 1829 bominum,

67 1883 151 1953 quae
179 1867 340 1933 extremis
367 1866 493 1932 liberae
525 1866 729 1951 reipublieee
761 1866 967 1951 temporibus
997 1864 1128 1953 uerat,
1178 1950 1183 1961 .

66 1989 220 2071 lieentia,
255 1988 424 2070 paniietim
451 1986 493 2052 ed
522 1989 633 2052 mitius
656 1985 833 2053 deflexisse
854 1991 956 2072 nique
977 1989 1010 2051 in
1033 2004 1127 2054 eom-

67 2127 162 2176 nnne
183 2109 436 2175 interdictorum
458 2111 510 2174 ius
532 2110 725 2190 transiisse,
760 2110 835 2175 eiiis
857 2128 987 2195 quoque
1010 2126 1126 2174 exem-

68 2233 127 2315 pbs
150 2231 332 2298 docuimus

95 2497 143 2564 bb)
162 2511 187 2550 e.
206 2499 236 2551 8.
255 2507 325 2552 retr.
356 2500 568 2553 «Verumtamou
625 2503 698 2564 quod
710 2502 791 2553 modo
803 2501 925 2561 exhibui,
942 2508 1126 2566 argumentum

68 2592 186 2641 «umiae
209 2593 315 2641 nostra
340 2589 495 2654 benignitati
521 2603 567 2654 pa·
624 2597 695 2653 peto.
733 2590 883 2641 Numbaud
896 2590 1060 2652 exploratum
1076 2593 1126 2642 mi·

69 2690 221 2739 oneremus,
259 2679 281 2729 ri
309 2677 360 2730 aiia
390 2681 491 2729 ratione
526 2681 566 2730 ius
624 2681 730 2739 biert,
767 2679 839 2741 quod
865 2677 992 2730 Sootniue
1016 2682 1124 2740 statuit,

69 2776 207 2820 rnostrum
235 2778 395 2829 reeuperure
420 2780 565 2829 possemus.
623 2769 773 2829 attentetis,
794 2768 902 2831 quicum
914 2767 1058 2832 agebatur,
1084 2780 1125 2820 ar·

69 2857 313 2920 «buueoeroquto
325 2861 381 2917 ast,
395 2858 567 2920 quiautuim
624 2858 722 2908 bitrum
750 2862 839 2920 petere
862 2857 994 2917 notuerit,
1024 2858 1126 2908 notoria

69 2948 195 2998 ammaus
208 2945 361 2997 bominibus
377 2944 471 2997 iactam
488 2944 567 2995 reiin-
624 2952 726 3009 temen,
745 2960 804 2996 enm
818 2945 938 3009 perieoie
954 2958 988 2996 un
1004 2946 1061 2995 otoo
1078 2958 1124 3008 pe·

69 3039 132 3098 «oui
159 3037 237 3097 putet
263 3039 404 3096 opertere,
439 3037 487 3085 aut
510 3035 566 3085 eius
622 3035 706 3085 rimie
726 3037 839 3096 experiri
861 3033 968 3093 maliet.
988 3035 1125 3096 optionem

70 3129 123 3176 «rei
137 3125 269 3176 leniorem
280 3127 412 3175 actionem
425 3122 501 3173 nobie
520 3122 567 3173 aii-
623 3123 714 3175 tuisse.
730 3148 761 3158 -
781 3122 883 3188 Quota
901 3122 928 3172 d.
946 3122 980 3172 ii.
992 3121 1026 3172 ii.
1045 3121 1122 3174 Tem.

71 3226 168 3276 aquam
182 3214 364 3266 demonstrare
379 3212 503 3275 postitio
518 3212 565 3264 rei.
623 3214 655 3262 V.
676 3226 703 3275 p.
722 3211 785 3262 tes.

100 3301 142 3368 te)
168 3302 229 3355 Non
245 3314 277 3355 ex
295 3303 354 3364 ipro
377 3301 456 3353 diditi
477 3301 564 3362 dieto,
657 3298 701 3363 bi)
719 3315 770 3365 pro
791 3300 877 3352 Tuiiie
895 3313 919 3351 e.
933 3299 1030 3351 8-13.
1043 3299 1088 3352 te.
