3114 5046
209 290 260 406 ss
276 317 311 392 1.
363 315 426 392 De
449 319 672 396 tarditatis
699 323 973 396 controuersia.
1067 318 1130 382 titt

124 514 308 583 Videamus
329 520 450 606 igitur,
473 521 552 605 quid
574 521 742 587 Aebutius
764 520 909 586 familiae
931 518 1130 587 herciscun-

65 636 126 703 dae
147 636 283 728 agendo
305 643 513 725 spectauerit
534 647 636 728 atque
657 644 791 728 assequi
813 642 971 727 potuerit.

124 759 256 846 Nempe
275 765 314 826 ut
335 779 409 827 eum
431 762 596 849 caecina,
618 763 785 830 coherede
807 782 887 850 suo,
908 761 1129 828 hereditatem

64 880 251 952 diuideret:
288 901 362 947 nam
392 885 465 949 etus
493 887 541 950 rei
573 902 695 951 caussa
716 885 863 951 iamiiiae
886 883 1129 951 herciscundae

63 1005 233 1069 arbitrium
264 1006 354 1069 inter
380 1004 565 1073 coheredes
593 1026 669 1072 esse
690 1011 934 1091 comparatum,
961 1005 1128 1090 expiorati

64 1128 144 1191 iuris
164 1130 229 1192 est.

122 1247 175 1313 At
201 1266 284 1314 uero
315 1251 464 1337 negabat
496 1251 680 1336 Aebutius,
716 1249 914 1317 coheredem
953 1249 1016 1314 sibi
1052 1266 1128 1314 esse

62 1368 258 1455 Caecinam,
280 1371 356 1456 quia
379 1374 464 1438 ciuis
484 1391 553 1438 non
575 1376 668 1439 esset
695 1377 836 1456 propter
863 1372 972 1459 legem
996 1366 1128 1438 Corne-

62 1492 159 1575 liam,
196 1509 303 1577 eaque
331 1491 376 1557 de
402 1512 524 1560 caussa
545 1512 566 1560 a
588 1495 717 1561 ciuibus
740 1493 901 1559 Romanis
921 1491 1129 1558 hereditates

62 1631 185 1696 erpere
213 1633 279 1679 non
312 1619 438 1699 posset.
486 1615 604 1702 Neque
624 1616 730 1701 illam,
767 1633 863 1701 quam
886 1612 1015 1679 'i'uiiius
1037 1614 1129 1697 dicit,

61 1736 254 1801 amittttana
274 1735 415 1801 Aebutii
436 1738 715 1827 eutramntumqae
737 1735 823 1801 ardeo
845 1734 992 1802 Caecina
1014 1736 1127 1802 obtri-

63 1862 166 1922 ucrat
187 1875 232 1922 ue
252 1859 477 1944 eorttudcrut,
499 1861 537 1923 ut
558 1859 614 1923 uel
629 1859 793 1922 minimum
815 1856 857 1921 de
872 1875 913 1921 ea
929 1855 1127 1922 defensione

62 1978 114 2042 iiie
143 1979 348 2064 remitteret,
384 1980 508 2064 quippe
544 1998 640 2064 quem
672 1980 707 2044 in
737 1977 801 2045 huc
834 1995 966 2064 quoque
995 1995 1128 2062 caussa,

63 2117 147 2184 quae
179 2115 269 2164 nunc
300 2101 432 2188 agitur,
468 2096 635 2168 Caecinae
668 2103 720 2166 ius
752 2104 819 2166 tam
848 2101 997 2167 ciuitatis
1030 2117 1126 2184 quam

63 2218 260 2287 hereditatis
291 2200 326 2284 in
359 2225 623 2289 controuersiam
657 2240 801 2291 uocasse
838 2240 880 2289 ac
919 2239 1126 2311 pernegasse

63 2343 170 2425 petam
191 2343 238 2406 sit
253 2337 291 2415 ⁷).

121 2459 254 2545 Quodsi
276 2464 361 2531 idem
384 2465 528 2532 iamtiiae
557 2465 798 2533 herciscundae
828 2468 972 2556 egisset,
1001 2469 1126 2533 certia-

63 2586 143 2650 atma
164 2587 318 2672 ratione,
354 2586 552 2654 coheredem
573 2589 636 2654 sibi
659 2605 736 2655 esse
757 2583 955 2668 Caecinam,
984 2588 1125 2653 eunies·

64 2725 120 2772 sus
140 2707 274 2774 fuisset.

122 2826 249 2914 Utique
271 2830 456 2896 certissimo
488 2832 560 2897 iura
581 2830 711 2897 aihrmo
732 2833 910 2913 constare,
943 2849 1034 2915 eum,
1070 2832 1126 2915 qui

64 2950 207 3016 familiae
228 2949 470 3018 herciscundae
491 2971 565 3019 cum
587 2954 699 3039 aliquo
721 2957 821 3041 agat,
854 2951 1006 3017 confiteri
1037 2949 1126 3016 hunc

63 3073 124 3138 sibi
159 3071 357 3139 coheredem
391 3091 486 3140 esse:
527 3074 616 3158 quod
645 3076 697 3139 ius
726 3074 788 3138 nisi
826 3072 950 3138 infesto
983 3072 1124 3159 quodam

64 3195 253 3258 testimonio
274 3193 468 3261 laederetur
486 3214 527 3261 ae
543 3197 804 3281 periclitaretur,
828 3197 945 3278 paneis
960 3195 1125 3285 Digesto-

65 3332 132 3379 rum
162 3314 277 3380 aliatis
304 3315 504 3405 fragmentis
534 3317 658 3382 affatim
686 3316 841 3382 docuisse
873 3315 948 3381 mihi
971 3315 1125 3402 uiderer3

64 3454 150 3503 nunc
171 3437 220 3502 ita
241 3436 488 3504 defendendum
511 3457 588 3504 esse
611 3439 775 3523 arbitror,
808 3442 845 3502 ut
872 3441 1125 3504 controuersum

63 3557 151 3642 apud
172 3559 255 3623 iuris
277 3561 406 3646 peritos
436 3562 543 3650 magis
573 3559 752 3646 aliquando
782 3559 886 3623 fuisse
909 3577 1005 3643 quam
1027 3558 1126 3625 hodie

63 3697 138 3745 esse
161 3697 404 3765 praemoneam.

123 3800 304 3867 Enimuero
334 3805 363 3867 si
392 3804 466 3887 quis
496 3820 557 3868 sua
586 3807 707 3888 sponte
736 3806 778 3869 ab
801 3805 866 3868 aiio
890 3803 1056 3888 postulat,
1090 3809 1125 3867 ut

61 3921 281 3989 hereditatem
304 3942 417 3990 seeum
440 3922 583 4008 diuidat,
617 3944 727 3990 nonne
749 3944 805 3990 res
827 3928 900 4009 ipsa
922 3925 1007 4008 tert,
1036 3927 1124 3990 iilum

92 4176 121 4233 7)
145 4174 212 4223 vide
231 4187 254 4223 c.
274 4173 390 4224 33-35.

1163 533 1218 573 itam
1242 534 1297 599 hare.

1224 603 1236 630 ο
1281 596 1290 629 t

1162 598 1210 630 utar
1236 602 1298 642 para,

1161 645 1284 688 asueni
1391 698 1397 706 ¹
