3114 5046
188 671 286 710 aim.

329 432 393 496 638
451 410 630 512 .Gap.1.
671 408 733 486 De
754 413 840 486 itere
858 433 1019 485 caussae
1040 409 1261 486 Tullianae.
1328 404 1336 422 '

202 592 435 657 snmsssemet
461 591 649 680 aliqnando
674 594 895 656 rarissimum
915 590 1020 681 illud,
1045 593 1136 682 qitnd
1163 597 1206 657 ln
1236 590 1391 680 finxisti,

328 719 455 779 lelium
479 712 594 778 hercle
623 718 692 799 eet,
723 716 758 776 ei
781 716 854 776 lam
882 732 906 776 a
933 710 1175 795 Theophrasto
1202 714 1393 800 traditum,

327 840 408 900 itera
433 839 471 900 lte
498 834 570 924 isle7
600 853 688 925 qttae
713 838 766 894 ἐπὶ
793 829 831 893 sd
859 834 1025 906 πλεῖστον,
1052 853 1122 899 etms
1150 853 1243 923 quae
1271 839 1312 894 ἐκ
1335 857 1394 895 κα-

328 952 473 1038 ραλόγου
496 957 677 1044 accidunt,
701 959 868 1021 commiti
891 933 1023 1038 dolere3
1046 951 1083 1015 τὸ
1104 951 1170 1037 γὰρ
1190 951 1288 1030 ἅπαξ
1310 953 1333 1030 ἦ
1352 957 1396 1027 lu

329 1081 596 1160 παραβαίνουσιν
618 1081 652 1137 οἱ
671 1070 911 1155 νομοθέται,”).

395 1216 515 1284 Antea
544 1220 639 1307 dlvi,
669 1221 810 1284 etiamsi
840 1212 1009 1305 fortasse,
1035 1218 1333 1305 quemadmodum
1358 1223 1396 1283 lu

328 1344 400 1428 tels,
427 1359 492 1425 pro
513 1343 632 1404 actore
653 1339 718 1404 tila
740 1338 918 1404 intimuit
939 1356 1012 1404 tens:
1032 1342 1070 1403 itt
1090 1337 1155 1405 isc
1175 1341 1313 1406 iudicio
1328 1361 1396 1407 ttu-

330 1601 408 1652 queni
428 1599 520 1639 onnes
538 1589 753 1638 uniuersitatem
773 1586 832 1648 Que

330 1679 363 1729 de
374 1676 440 1729 rev.
450 1676 497 1735 ii..
509 1678 588 1728 elien
599 1675 762 1727 Noetreiluen
771 1689 833 1727 een·

328 1766 443 1818 sidereis
460 1764 668 1826 disceptatione.
696 1771 726 1816 ui
748 1777 832 1828 neuen

329 1853 484 1912 exhibunt,
504 1856 539 1904 ile
553 1853 608 1904 lere
621 1853 746 1904 disserit:
768 1853 833 1903 suo-

299 1960 303 1968 ·
330 1944 401 2004 null,
429 1944 611 2003 municipum,
639 1944 746 1995 eurise.
767 1944 833 1992 elul·

330 2035 408 2090 teile,
430 2031 534 2094 collegii
554 2038 581 2081 et
597 2031 723 2080 similium
744 2029 833 2092 eppei·

330 2122 457 2171 iellonum
482 2120 578 2181 eunies
600 2124 641 2171 eet
658 2120 831 2183 significetis.

330 2204 393 2260 lu‘rle
412 2208 510 2266 nitere,
534 2209 616 2259 eiteee
636 2207 708 2258 leeti.
745 2207 773 2258 st
792 2210 832 2256 lus

330 2301 466 2347 intuemur
484 2309 508 2348 e.
527 2309 552 2358 g.
572 2297 600 2344 ln
623 2299 749 2354 ciuitate,
776 2296 832 2346 lieri

331 2400 383 2436 non
403 2391 507 2447 potest,
527 2389 557 2433 ul
572 2384 629 2446 lpse
644 2386 737 2433 ciuiles
749 2384 834 2435 delin-

331 2480 413 2537 quen
430 2485 490 2522 nem
507 2485 568 2524 eum
584 2475 833 2524 eiulieelurleseus·

330 2576 358 2614 sn
376 2566 516 2613 constitute
535 2565 580 2620 sii.
600 2561 645 2613 ubi
666 2565 695 2621 li,
709 2565 754 2625 qui
769 2561 833 2610 iuris

331 2652 422 2703 tuendi
441 2653 522 2714 gretie
538 2654 641 2709 coiere.
660 2652 784 2700 inluuiem
797 2648 833 2698 le·

331 2748 440 2797 serunt,
460 2740 502 2797 ld.
523 2741 592 2801 quod
614 2738 747 2797 lecerunt,
767 2741 833 2787 ciui·

331 2838 369 2880 tes
389 2829 482 2878 lesisse
502 2828 553 2877 dici
573 2841 624 2876 non
646 2832 748 2888 noleei3
770 2827 833 2875 elin-

330 2921 375 2980 qul
391 2921 454 2966 luris
465 2917 624 2966 uoeebuiurn
638 2919 750 2965 iniuriee
761 2926 832 2963 inen-

331 3010 474 3067 sineretur.
504 3005 556 3056 Sed
576 3009 597 3053 sl
619 3004 715 3054 lectum
731 3010 833 3065 speeie·

331 3109 399 3153 mus,
411 3097 564 3155 saepissime
579 3101 631 3143 iem
646 3096 833 3143 uniuerslietes

330 3184 485 3245 delinquere
496 3195 575 3242 quens
588 3183 702 3243 singulos
712 3182 831 3230 homines

331 3273 470 3329 uidemus,
493 3283 581 3332 neque
601 3271 626 3319 ld
641 3272 752 3330 mirum,
772 3281 830 3319 eum

330 3362 467 3410 hominum
491 3363 677 3411 uniuersiieies
704 3365 732 3411 ei
759 3363 831 3419 lpeee

329 3454 382 3498 sini
393 3451 513 3499 homines
527 3452 672 3498 communie
689 3453 726 3500 rei
740 3459 830 3498 eeusse

329 3540 436 3593 eoeieii.
463 3542 490 3586 et
507 3543 558 3583 tem
578 3544 725 3587 communis
751 3549 829 3599 quem

282 3651 286 3658 ·
330 3628 448 3686 priuetee
476 3625 596 3675 utilitatis
616 3637 706 3677 neusse
727 3627 829 3688 peseeri

330 3717 423 3779 possit.
450 3713 519 3761 Hinc
533 3716 627 3764 iniuste
642 3713 724 3773 belle.
744 3721 830 3765 metue

329 3817 343 3854 e
364 3802 477 3864 collegiis
498 3802 580 3860 illeil,
603 3806 692 3864 inique
714 3803 829 3858 decretu,

329 3891 525 3953 ludieie,ieges.
542 3892 576 3940 it
589 3893 829 3952 ueroquendoius.

330 3979 436 4040 quendo
455 3978 550 4028 lectum
564 3982 761 4041 spectabimus?
782 3983 830 4032 Re·

328 4068 457 4129 spondeo,
470 4071 508 4117 ius
522 4072 547 4117 ln
563 4071 619 4118 iure
630 4071 712 4123 ciuili,
731 4069 828 4120 lectum

328 4158 828 4221 iniuregentium..Peeetereequoties

329 4246 354 4293 in
364 4246 423 4295 iure
434 4246 506 4296 eiuili
516 4246 598 4297 esium
610 4246 708 4297 lectum
719 4247 827 4298 demon·

887 1595 995 1647 steeiur,
1008 1588 1079 1650 qued
1089 1589 1118 1638 iii
1131 1589 1248 1650 exempli
1263 1602 1358 1641 uum
1369 1593 1395 1641 in

888 1678 1010 1729 omnibus
1029 1685 1179 1740 nneiomn
1199 1679 1317 1736 edictis,
1339 1682 1396 1741 qei-

889 1766 938 1818 bus
962 1770 990 1816 in
1009 1765 1105 1817 lectum
1123 1769 1245 1819 eeilonee
1265 1771 1396 1820 eonstitu-

887 1861 931 1908 iee
948 1862 1027 1912 euni,
1046 1857 1126 1905 etiem
1147 1855 1217 1917 legio
1237 1865 1288 1906 eut
1304 1861 1396 1907 elnltee

888 1949 934 1994 eut
942 1943 1078 2006 collegium
1089 1942 1150 1992 doio
1160 1944 1230 1994 meis
1241 1944 1333 1997 lecese
1345 1945 1394 1995 diei

888 2038 1003 2095 polerit,
1031 2038 1123 2093 utpute
1141 2035 1164 2082 el
1182 2035 1258 2084 enne
1277 2034 1394 2098 sitque·

887 2128 960 2172 metu
969 2124 1093 2183 coegerit.
1114 2121 1192 2172 Tune
1203 2125 1278 2174 enlin
1290 2136 1345 2175 nen
1353 2135 1394 2173 eu·

888 2209 1393 2274 elequidem.sedelngnil...quodne-

889 2305 931 2349 tus
941 2311 1031 2348 neusse
1041 2303 1145 2349 netioue
1154 2298 1338 2358 tenebuntur:
1349 2299 1392 2350 sed

888 2395 975 2437 lemen
989 2399 1083 2437 uerum
1097 2393 1152 2444 est,
1171 2394 1276 2438 metum
1293 2389 1392 2438 liieinn

889 2482 916 2525 ei
940 2478 1066 2536 peeeiorls
1084 2475 1200 2525 edietum
1221 2480 1390 2527 commissum

889 2576 957 2615 esee.
969 2564 1011 2625 (i.
1024 2563 1050 2614 ii.
1071 2560 1100 2625 5.
1118 2565 1142 2610 i.
1162 2561 1243 2623 Quod
1258 2571 1324 2616 met.
1340 2561 1389 2623 ee.)

889 2655 943 2702 iem
961 2655 1040 2715 igitur
1058 2652 1122 2714 quid
1139 2652 1260 2703 disemus
1273 2652 1309 2703 de
1322 2653 1391 2704 ieni-

888 2743 929 2791 llie
955 2741 1191 2803 delinquentibus?
1232 2742 1320 2791 Eliesn
1347 2741 1390 2789 hee

888 2831 1041 2881 netuseilter
1055 2830 1211 2890 delinquere
1230 2837 1353 2891 possunt,
1365 2836 1390 2876 ut

889 2932 978 2969 omnes
992 2921 1187 2976 uniuersitatem,
1203 2926 1231 2969 ei
1244 2932 1305 2968 curn
1321 2930 1389 2981 pree

888 3011 950 3057 ioris
960 3008 1075 3057 edietum
1087 3007 1278 3066 speeieilleede
1286 3008 1388 3060 denno.

887 3097 958 3159 quud
977 3096 1038 3144 doio
1057 3094 1170 3144 lumiilee
1190 3096 1246 3153 fiet,
1261 3100 1386 3157 scriptun

887 3187 936 3241 sii,
960 3187 1038 3233 etiem
1060 3185 1129 3231 ectio
1149 3196 1180 3232 en
1202 3187 1311 3235 nornine
1332 3189 1386 3234 erit

888 3272 964 3333 Quod
993 3286 1024 3321 eo
1043 3275 1122 3334 megls
1142 3272 1260 3322 dubiiesi
1281 3277 1387 3336 nequit.

887 3364 1012 3424 quonism
1032 3360 1145 3410 lemliiee
1164 3362 1344 3422 eppeiletlone
1363 3363 1386 3409 in

887 3450 1069 3500 huiuscemodi
1095 3449 1189 3498 edictis
1208 3463 1242 3500 ne
1261 3451 1387 3514 significe-

887 3546 930 3589 tur
949 3538 1056 3601 quidem
1072 3537 1203 3597 quaedem
1219 3542 1286 3589 iuris
1298 3550 1385 3589 eeusee

887 3629 1026 3678 constitute
1041 3630 1216 3685 uulnerum,
1238 3628 1285 3678 sed
1300 3637 1385 3676 omnes

886 3716 996 3767 eileulus
1007 3715 1105 3764 domini
1117 3719 1199 3776 serui,
1214 3715 1245 3764 i..
1254 3716 1313 3766 195.
1328 3711 1383 3776 §.3.

886 3805 926 3854 De
946 3805 978 3852 V.
1000 3803 1026 3852 S·
1063 3805 1182 3863 Apparet
1201 3806 1293 3867 igitur,
1320 3804 1383 3852 selu·

887 3895 1016 3942 mnlosum
1042 3891 1124 3943 iulsee
1144 3893 1196 3943 hot
1213 3892 1328 3955 Quintilii
1348 3903 1382 3940 er·

887 3989 1068 4046 gumentums«

924 4070 1006 4125 iiii.
1016 4069 1042 4119 3.
1054 4070 1081 4118 1..
1091 4070 1117 4119 6.
1133 4070 1172 4120 De
1182 4065 1379 4119 LL.Coni.i.i.

889 4158 920 4208 Ι..
933 4160 960 4208 5.
981 4159 1011 4206 Ι..
1025 4159 1066 4208 10.
1081 4159 1142 4208 eod.
1157 4159 1187 4208 i.
1200 4159 1244 4208 si.
1267 4154 1378 4208 Delii.

889 4245 955 4298 inii.
970 4255 1034 4298 exte.
1057 4246 1084 4296 Sl
1102 4260 1161 4308 pere
1181 4247 1273 4298 hesed.
