3114 5046
782 1015 818 1102 S.
839 1018 875 1087 2.

302 1185 376 1267 Quo
404 1192 481 1255 ture
510 1183 687 1278 Naeuius,
718 1191 760 1254 ut
787 1188 878 1254 borea
908 1187 1064 1272 Quinctii
1089 1190 1308 1277 possideret,
1341 1211 1366 1256 u

383 1305 556 1375 Proetore
577 1328 655 1374 cum
674 1309 909 1395 postrduucrlt
929 1314 1004 1375 tum
1024 1313 1283 1398 impetraverit.

362 1476 435 1542 lllls
455 1476 540 1541 salis
562 1477 723 1564 cognitis,
746 1496 831 1563 quae
853 1474 963 1542 ludicii
985 1474 1159 1542 ordinandi
1183 1479 1367 1545 caussam

300 1598 372 1661 iure
397 1594 487 1682 apud
523 1595 729 1662 Dolabellam
762 1596 956 1663 Praetorem
991 1595 1183 1682 disceptata
1214 1602 1297 1663 sunt
1330 1571 1368 1665 et

300 1701 490 1802 transacta,
525 1719 695 1804 sequitur,
730 1720 768 1782 ut
801 1736 886 1804 quac
918 1718 951 1782 ln
987 1716 1141 1783 iudicium
1174 1723 1368 1806 uenerunt,

299 1838 555 1924 sponsionisque
587 1856 739 1905 caussam
768 1841 803 1904 et
829 1839 994 1904 actionem
1025 1840 1283 1928 continuerunt,
1306 1859 1368 1905 or-

300 1957 379 2025 dine
400 1976 667 2044 percenseamus

364 2077 496 2165 Quippe
517 2081 669 2164 sponsio,
702 2077 744 2144 de
766 2097 830 2163 qua
859 2080 988 2168 agitur,
1021 2081 1069 2145 ila
1089 2085 1259 2166 concepta
1283 2082 1369 2169 fuit,

301 2204 339 2265 ut
360 2198 513 2266 ludlcium
534 2201 568 2263 ln
591 2217 632 2265 ea
651 2217 689 2264 re
711 2201 815 2264 tolum
836 2204 1050 2283 uersaretur,
1082 2201 1174 2267 borea
1208 2201 1371 2286 Quiocetit

301 2338 350 2386 ec
377 2318 509 2385 Edicto
539 2318 707 2386 Burrteroi
735 2316 919 2386 Praetoris
948 2320 1023 2388 dies
1050 2318 1184 2387 XXX.
1200 2341 1370 2409 possessu

302 2445 419 2508 eremit
439 2458 557 2506 secute.
609 2441 650 2505 In
672 2440 846 2524 proposita
867 2458 948 2505 uero
969 2444 1084 2526 specie
1106 2461 1205 2528 quum
1228 2448 1371 2529 praeter

301 2552 463 2628 Naeuium
484 2579 580 2626 nemo
602 2557 747 2640 Quinctil
773 2561 860 2625 bona
882 2579 989 2648 neque
1011 2561 1223 2647 possederit,
1245 2583 1372 2651 neque,

302 2685 340 2747 ut
362 2680 566 2768 possideret,
588 2678 857 2766 postulauerit¹),
884 2679 1022 2765 perinde
1043 2685 1118 2766 est,
1139 2701 1181 2750 ac
1203 2685 1233 2749 sl
1255 2687 1372 2750 nomi-

302 2803 405 2869 natim
426 2804 628 2888 quaeratur,
647 2798 808 2868 Naeuius
829 2801 876 2866 ita
898 2800 1087 2886 possederit
1108 2801 1267 2880 necne2).

366 2924 436 2989 lam
458 2923 616 3008 imprimis
635 2919 678 2986 ad
704 2920 790 2987 hanc
811 2921 1038 3006 quaestionem
1059 2925 1208 3007 pertinet
1231 2942 1373 3016 cogno-

302 3061 413 3129 scere,
449 3060 497 3107 use
533 3039 716 3124 Quaesitus
744 3045 782 3106 tn
810 3059 853 3105 eu
881 3061 1007 3107 coroesu
1033 3040 1163 3131 sumit,
1197 3050 1241 3110 ut
1276 3048 1374 3115 dorsu

303 3167 379 3229 etus
406 3162 583 3250 possidere
616 3157 755 3227 Naeuio
783 3165 838 3227 lus
859 3166 960 3227 esset.
1018 3160 1094 3243 Qua
1125 3164 1169 3230 de
1199 3185 1239 3232 re
1268 3187 1373 3253 quum

304 3283 473 3368 peculiare
508 3278 673 3366 quoddam
709 3279 810 3345 luerit
842 3279 953 3348 Edictl
991 3287 1118 3371 caput,
1161 3286 1218 3353 ubi
1263 3292 1374 3355 cerlls

303 3402 437 3490 legibus
457 3399 623 3486 finitisque
645 3402 774 3466 caussis
800 3407 1091 3490 enumerarentur,
1116 3425 1257 3491 quorum
1279 3409 1375 3476 bona

303 3520 468 3601 Praetor,
503 3522 540 3584 ut
562 3518 831 3604 possiderentur,
863 3524 919 3608 et,
953 3541 1027 3589 cum
1049 3542 1106 3589 res
1127 3526 1252 3614 ferret,
1281 3548 1375 3596 uen-

304 3640 482 3724 derentur,
513 3640 665 3705 lussurns
692 3643 800 3725 esset3
835 3643 939 3725 primo
971 3644 1047 3710 loco
1075 3644 1265 3730 uideamus,
1304 3671 1375 3737 quo

303 3761 435 3826 nomine
449 3757 625 3842 Quinctius
642 3762 676 3824 in
697 3759 778 3825 illud
794 3759 947 3829 Edictum
962 3767 1165 3834 commlslsse
1179 3769 1224 3835 ab
1240 3769 1376 3839 aduer-

304 3883 395 3947 surlo
416 3881 633 3947 lnslmuletur.

342 4170 354 4216 1
388 4165 465 4217 Conl-
485 4180 509 4215 c.
529 4165 573 4216 23.
592 4165 636 4215 io.
656 4167 700 4217 29.
894 4163 923 4226 ¹2)
944 4166 1008 4216 Vide
1028 4181 1108 4232 supra
1129 4186 1154 4235 p.
1177 4175 1204 4224 5.
