3114 5046
449 384 510 452 ¹32
555 383 713 490 capi.
765 384 827 463 Do
853 389 939 463 iare
963 411 1123 464 caussae
1149 386 1416 476 vomam.

309 582 442 680 st:
510 581 601 644 «aut
631 577 758 644 saltem
785 581 918 644 lottario
948 578 987 644 td
1012 576 1133 663 fucere
1165 575 1294 662 Alfeno
1321 576 1508 664 motare,

510 697 589 766 ahio
609 699 799 765 recusabat.
851 697 929 764 Vox
959 702 1068 765 autem
1095 704 1155 766 tto
1185 716 1296 763 nonne
1319 698 1509 782 repetitas

509 818 661 886 «Naeuio
678 839 722 886 ex
738 820 836 886 'l'uliii
851 839 1015 904 responso
1038 824 1153 905 potest
1169 809 1380 886 existimarit
1402 815 1509 900 Quasi

508 941 657 1007 «dixerit
683 943 847 1008 Naeuiust
882 946 936 1008 tto
962 941 1111 1008 actitetur
1135 959 1259 1007 nomm
1286 943 1352 1007 eto.
1405 937 1508 1004 Adde

508 1062 621 1148 «quod
633 1063 800 1130 atdebore
814 1067 908 1130 reete
924 1064 1081 1130 conuenit
1095 1080 1167 1129 eum
1183 1059 1389 1149 postulabas
1396 1080 1410 1146 ς
1432 1078 1508 1125 narn

508 1184 575 1251 «de
604 1184 720 1251 eodem
748 1183 880 1250 homtne
906 1183 1043 1250 dieitur:
1080 1187 1116 1249 at
1135 1182 1299 1250 iniciare
1321 1200 1392 1247 non
1413 1183 1507 1248 reete

507 1325 606 1372 «eum
627 1307 837 1396 satutant,
860 1305 950 1393 quod
970 1308 1048 1371 item
1071 1304 1113 1371 de
1135 1303 1277 1371 eodem·
1301 1303 1363 1369 rel.

503 1455 601 1521 Hane
633 1456 833 1520 sententiam
865 1452 1017 1521 Boetius
1048 1458 1115 1519 tam
1148 1454 1183 1518 tn
1213 1455 1310 1518 textu
1343 1468 1442 1538 quam
1474 1452 1507 1514 tn

440 1575 659 1642 adnotatione
680 1576 724 1642 ab
745 1577 839 1640 initio
862 1574 992 1662 quidem
1014 1579 1152 1641 secutus
1173 1576 1243 1659 eut,
1273 1593 1351 1638 mox
1379 1575 1506 1655 autem,

441 1715 463 1763 a
482 1691 632 1764 censore
645 1694 872 1782 reprehensus
882 1690 935 1780 ⁴⁵),
957 1699 1077 1782 partin
1094 1698 1170 1782 quta
1184 1696 1403 1761 membrorum
1419 1711 1506 1760 con-

440 1820 585 1886 cinnitas
605 1819 737 1885 iuberet
758 1817 843 1885 haec
863 1814 997 1886 Nueutt
1016 1837 1087 1883 non
1103 1813 1284 1884 carrona
1298 1833 1375 1880 esse
1392 1817 1507 1898 uerba,

439 1941 560 2026 partim
592 1941 669 2025 quia
701 1939 759 2004 uix
790 1938 949 2006 credibile
980 1941 1089 2024 esset,
1124 1933 1321 2004 Ciceronem
1350 1938 1507 2026 mitigare

441 2079 542 2128 uoees
563 2059 716 2127 duriores
737 2062 771 2124 tn
792 2059 1021 2126 aduersarium
1045 2060 1209 2142 uoluisse,
1245 2058 1299 2124 eui
1328 2075 1507 2143 numquam

439 2183 666 2268 pepercisset:
702 2180 745 2246 de
776 2183 945 2247 sententia
976 2179 1099 2265 depelli
1132 2198 1171 2245 se
1202 2197 1326 2264 passus
1357 2181 1431 2268 est,
1466 2194 1506 2243 aa

439 2303 558 2387 paucis
588 2302 665 2367 telis
697 2321 765 2367 non
796 2305 863 2366 tam
891 2300 1099 2367 detensionis
1131 2318 1253 2367 caussa
1284 2318 1385 2386 quarn
1418 2302 1507 2364 inter

439 2422 553 2512 tagam
582 2424 711 2489 emissis
721 2416 774 2510 ⁴⁶),
809 2424 843 2487 in
875 2422 1143 2489 aduersariorum
1172 2426 1287 2488 eastra
1315 2423 1507 2503 concessit,

438 2543 680 2630 lectionemque
706 2544 869 2610 tutetare
901 2545 964 2610 sibi
996 2561 1127 2629 quoque
1159 2543 1224 2607 tam
1253 2543 1394 2628 plaeere
1421 2561 1506 2629 pro-

437 2666 552 2732 tessus
574 2660 686 2743 est⁴⁷).

500 2811 571 2882 Sed
595 2833 715 2880 uereor
747 2814 919 2900 equidem,
952 2831 995 2879 ne
1027 2814 1214 2897 speciosior
1246 2813 1305 2877 iila
1341 2813 1506 2879 refutatio

438 2954 534 3023 quam
557 2935 697 3021 solidior
717 2937 762 3000 sit
784 2934 970 3001 iudicanda

470 3165 517 3231 45)
536 3167 568 3216 In
582 3167 748 3217 Brittiottreca
758 3165 850 3215 Germ.
860 3164 937 3215 uniu.
995 3164 1055 3228 Qua
1085 3166 1312 3228 tergiuersatione
1342 3165 1416 3216 auiti
1447 3168 1506 3227 rai,

437 3269 523 3316 noua,
552 3255 640 3305 Kiliae
668 3254 746 3306 1796.
772 3253 831 3304 Vol.
855 3252 937 3303 XXV.
995 3254 1110 3316 opinor,
1131 3254 1237 3304 medela
1257 3259 1346 3317 potest
1366 3253 1471 3305 afferri.

436 3357 463 3407 p.
484 3344 544 3394 ara.
563 3357 622 3407 seq.
1028 3339 1075 3404 t'i)
1096 3342 1152 3392 ont
1170 3343 1237 3392 mihi
1249 3356 1361 3407 quoque
1378 3343 1432 3407 (sio
1448 3357 1508 3408 per·

470 3430 516 3494 ta)
537 3432 680 3496 «Ορροιιί,
708 3430 810 3494 inquit,
835 3433 937 3493 potest:
994 3429 1033 3492 git
1045 3428 1147 3494 dicero)
1162 3443 1260 3480 «nuno
1278 3432 1452 3495 probabilior
1468 3438 1510 3483 est

437 3520 483 3569 «si
502 3520 585 3570 uerba
604 3521 645 3568 ita
657 3518 797 3571 astatore,
817 3517 938 3567 ratarau·
995 3517 1097 3568 utactio
1109 3518 1253 3573 taenara.
1274 3534 1339 3570 eum
1358 3526 1507 3584 propterea

437 3613 501 3657 «tur
515 3608 549 3658 ad
568 3607 668 3657 iudicia
681 3607 820 3666 omnium,
840 3606 938 3670 quibus
994 3608 1088 3670 «quod
1112 3608 1197 3658 uerba
1221 3609 1367 3658 recusabat
1394 3608 1508 3671 Alfenus

436 3697 525 3746 «haee
543 3709 638 3745 caussa
656 3701 714 3746 erat
733 3695 840 3756 cognita
855 3691 939 3756 (otoo
995 3696 1117 3745 «rectius
1136 3694 1293 3746 referuntur
1311 3697 1346 3747 ad
1367 3697 1412 3759 id,
1433 3697 1507 3761 quod

374 3850 379 3857 ἡ
435 3783 766 3834 «borsomnitariniaria
775 3781 937 3845 postutare),
994 3782 1126 3833 «Praetor
1152 3785 1244 3845 iussit,
1277 3790 1335 3835 tum
1355 3786 1423 3849 quia
1442 3799 1509 3836 eon·

435 3884 493 3922 «na
520 3872 609 3921 inesse
634 3870 744 3934 quidem
767 3871 809 3919 his
832 3870 938 3932 mitiga·
994 3872 1134 3921 «sinaitas
1147 3874 1335 3923 membrorum
1347 3876 1439 3936 magis
1452 3888 1509 3925 ser·

435 3962 558 4010 «tionem
577 3959 708 4010 orationis
726 3959 826 4018 durae,
849 3962 876 4008 et
893 3957 936 4008 Ci·
993 3966 1110 4019 suatur,
1130 3967 1157 4010 at
1168 3961 1257 4010 tutori
1269 3968 1353 4026 atque
1366 3964 1510 4013 decernere

434 4061 584 4098 «ceronam
603 4046 769 4109 distinguere
792 4060 872 4096 suum
895 4047 935 4096 iu·
993 4053 1126 4110 «possunt
1145 4048 1304 4111 distingui.»
1334 4076 1364 4088 -
1392 4051 1455 4114 Qua
1475 4053 1510 4103 da

434 4137 575 4195 «dicium,
605 4135 722 4185 aliorum
753 4135 934 4197 opinionem,
992 4136 1166 4186 distinetione
1193 4137 1287 4200 paullo
1312 4146 1375 4203 post
1401 4140 1509 4192 uidebi-

431 4232 481 4275 «οι
508 4225 598 4275 atiani
624 4225 730 4288 patroni
754 4222 883 4273 tactum.»
906 4248 931 4258 -
992 4237 1054 4275 mus
1073 4222 1142 4286 (aot.
1160 4221 1221 4289 48.)
