3114 5046
281 323 328 402 3.
348 312 394 386 3.
436 309 500 391 Dc
522 312 726 389 interdicto
751 313 798 388 dc
823 315 874 416 eti⁸
891 322 1057 389 armatu.
1150 313 1216 380 ³2⁰

199 509 302 595 -intl
324 503 459 578 multe?
491 512 606 579 'l'xlem
628 512 733 578 luisse
757 518 823 578 tum
844 512 878 577 ln
902 510 1023 579 Edicto
1041 511 1215 578 Praetoris
1247 543 1352 610 rot-n.

155 651 247 720 pum
271 635 306 699 ln
328 635 385 700 lllo
410 629 586 701 Caecinae
607 633 731 699 ludielo
753 634 895 700 alterius
915 632 1014 699 huius
1043 632 1214 701 interdicti
1232 603 1383 656 'mm'

155 753 193 822 le
210 757 246 821 ul
263 755 453 834 formulam,
476 756 643 841 qualemn
662 756 827 841 principio
848 753 1102 842 descripsimus,
1124 756 1214 842 quod

155 877 269 964 ιοΙιιιι,
292 896 358 943 non
380 877 571 966 ambigitur.
616 907 619 915 ·

210 1034 332 1121 iisque
370 1037 400 1100 si
432 1036 522 1101 lntru
561 1036 820 1127 angustissimos
857 1037 1021 1120 propositi
1052 1037 1214 1101 terminos

155 1157 289 1222 uelimus
311 1155 569 1242 disputationem
596 1158 791 1239 continere,
827 1160 891 1223 lan
913 1158 1015 1223 licent
1040 1156 1213 1225 interdicti

155 1277 321 1343 iormulem
344 1278 532 1364 relinquere
553 1283 655 1364 etque
676 1277 901 1345 adulteriora
923 1278 1125 1365 procedere3
1147 1296 1212 1345 ue-

155 1405 331 1465 tnmtamen
362 1417 429 1464 non
462 1418 596 1484 possum
628 1399 704 1465 milti
736 1403 944 1486 temperare,
980 1402 1059 1486 quin
1090 1419 1210 1467 nouem

155 1518 311 1608 melem
338 1539 407 1586 rem
429 1539 470 1587 uc
493 1523 740 1606 quaestionem,
771 1522 913 1588 silenem
935 1521 1066 1608 quidem
1089 1539 1211 1589 ceusse

155 1637 341 1732 camme,
378 1646 414 1708 st
442 1641 486 1707 etl
514 1644 703 1708 uniuersum
730 1645 892 1709 rollonem
921 1642 1019 1709 huius
1048 1644 1212 1710 iormulec

155 1781 352 1853 nsgnopere
372 1765 612 1849 pertinentem,
633 1767 807 1852 ottingam.

206 1919 344 1992 Certum
365 1925 435 2006 est,
463 1921 528 1988 lroo
553 1921 765 1989 interdictum
789 1923 849 1988 tull
877 1923 984 1989 forme
1008 1922 1113 1990 inisse
1142 1908 1210 1989 tem

155 2052 179 2110 ζιι
194 2043 328 2111 Edicto
350 2047 557 2130 propositum
579 2062 675 2130 quem
696 2040 873 2111 Caecinae
891 2045 1075 2131 postulanti
1093 2065 1114 2112 ι
1133 2043 1210 2111 Do-

155 2139 276 2233 uoetta
294 2162 468 2232 Pructore
488 2164 671 2251 redditum,
692 2170 730 2230 ut
747 2168 980 2250 exceptionem
998 2167 1121 2233 nullum
1144 2168 1210 2234 he-

155 2291 251 2355 teret.
295 2284 394 2369 Quod
416 2290 527 2353 autem
550 2287 654 2376 uulgo
676 2286 826 2353 creditur
846 2285 919 2355 sine
944 2292 1085 2379 suggeri
1105 2291 1210 2356 tucitc

155 2410 248 2497 olet,
273 2426 315 2475 ne
332 2425 441 2493 cepox
458 2406 588 2494 quidem
605 2407 705 2473 ullius
723 2411 933 2496 exceptionis
947 2410 1067 2497 luisse,
1090 2383 1210 2477 uiden-

155 2550 216 2597 ιιι
237 2549 352 2595 uerum
374 2530 418 2595 sil
440 2548 557 2597 necne.

202 2651 322 2738 Atque
344 2653 534 2716 testimonio
556 2655 650 2718 certe
679 2654 771 2718 nullo
794 2651 859 2719 lroc
881 2656 1016 2719 constet
1030 2646 1072 2735 ⁷),
1098 2656 1208 2720 lnter-

170 2844 210 2912 'il
233 2846 321 2910 cutte
342 2847 444 2897 etiamsi
469 2846 644 2907 iuberemus,

155 2936 241 2988 idetis
256 2938 286 2986 in
303 2936 446 2986 interdicto
462 2936 538 2999 Quod
554 2937 584 2985 tn·
600 2941 648 2986 out

155 3023 228 3080 tra,
257 3036 339 3085 nuum
363 3026 553 3085 circumspecte
579 3024 647 3075 iuret

155 3111 317 3165 Mundum.
353 3111 644 3177 NumlnL.i.§.3.

155 3199 259 3263 Mei
276 3207 326 3251 not
342 3202 412 3251 elom
426 3215 509 3265 quum
528 3206 567 3253 sic
585 3206 647 3253 scri·

155 3287 374 3352 titillpionot,
406 3292 559 3343 «aduersus
589 3296 645 3342 uim

155 3377 208 3430 tusi
217 3377 295 3441 quod
308 3377 375 3428 ciem
390 3379 490 3430 tectum
501 3387 557 3441 est,
572 3382 645 3432 nuile

155 3467 233 3517 lustu
257 3469 414 3529 exceptione
444 3482 473 3520 se
500 3472 570 3520 tueri
599 3484 645 3532 po-

155 3561 254 3614 llntrt
275 3567 338 3607 ecce
350 3560 440 3607 stetim
453 3560 480 3607 ln
493 3557 524 3607 l..
535 3558 562 3608 7.
574 3556 604 3620 ὅ.
616 3556 643 3607 3.

155 3643 195 3694 til.
214 3642 289 3697 idem
300 3644 439 3706 Ulpiorum,
461 3647 644 3706 mollissime,

155 3732 268 3796 linquit,
294 3733 366 3796 tpud
386 3734 523 3785 lulianum
538 3738 645 3798 quaeri·

155 3825 222 3880 uxr,
256 3832 291 3870 ιιι
317 3821 384 3873 huso
408 3827 528 3887 exceptio
550 3829 646 3876 uoceut

155 3909 189 3960 tin
204 3909 258 3960 hoe
272 3911 432 3973 interdicto,
452 3912 529 3975 Quod
546 3926 601 3963 non
614 3917 644 3961 te

155 3999 448 4064 tulnntelumseceritl
467 4007 564 4063 utputo
581 4007 644 4051 utor

704 2860 719 2891 ι
727 2847 840 2898 eundern
851 2849 1050 2909 exceptionem,
1064 2847 1142 2911 Quoi
1152 2862 1208 2898 non

705 2941 757 2985 nto
773 2937 802 2986 tel
820 2942 867 2986 aut
886 2935 954 2986 etum
971 2937 1079 3001 secute?
1112 2937 1147 2986 lit
1168 2939 1208 2987 tit

704 3024 861 3083 «lulianus,
905 3020 1098 3086 teoule'stmum
1128 3038 1205 3086 csse,

704 3114 795 3163 «huuc
822 3114 1005 3176 exceptionem
1032 3113 1107 3163 duri:
1144 3124 1206 3163 nem

704 3205 748 3252 nel
767 3208 816 3262 tu,
837 3203 945 3263 lnquit,
972 3202 1156 3253 uodlflcuuerlr
1175 3203 1204 3251 ui

703 3296 773 3340 «eut
793 3290 880 3350 clem,
908 3305 956 3355 ego
978 3293 1041 3342 item
1061 3290 1205 3341 demolitus

703 3379 803 3430 «luero
826 3382 854 3429 ui
881 3385 929 3430 tut
951 3379 1039 3440 clemt
1069 3386 1097 3432 et
1121 3382 1205 3431 uteris

702 3468 857 3518 «reuersus
880 3481 922 3520 me
943 3469 1103 3520 interdicto:
1136 3469 1205 3520 huuc

703 3560 909 3619 «exceptionem
922 3557 1098 3620 proluturern.
1123 3557 1204 3619 Quod

702 3658 777 3696 «uon
793 3647 871 3697 ellter
891 3645 1035 3708 procedere
1054 3645 1134 3698 cebet
1151 3630 1203 3697 niel

702 3747 756 3784 nex
783 3745 877 3797 mugnt
905 3738 933 3784 et
961 3737 1026 3785 sutis
1040 3738 1203 3790 ,uecesstrls

702 3833 837 3880 «ciuem
868 3821 988 3884 alioquin
1019 3823 1085 3873 huoe
1113 3826 1202 3875 omniu

702 3910 814 3960 ooiiiclo
843 3910 940 3960 iudicis
965 3909 1094 3962 celebrari
1124 3925 1203 3974 opor·

700 4003 795 4050 etet.»
816 4023 847 4033 -
867 3997 944 4048 Coni.
957 3998 989 4049 i..
1003 3997 1030 4048 ³·
1044 3996 1097 4063 Μ.
1107 3999 1200 4050 e-t.

155 4085 295 4137 'liumus
311 4094 338 4139 te
359 4089 502 4141 interdicto
521 4091 598 4152 Qttod
615 4088 644 4138 ui
700 4089 730 4139 Ι..
744 4088 771 4138 il.
786 4083 817 4150 δ.
831 4086 857 4137 2.
871 4086 932 4138 eod.

155 4176 300 4227 nuteiom:
313 4187 347 4226 sn
358 4180 442 4240 possis
453 4177 569 4230 obiicere
578 4179 643 4228 milri
