3114 5046
160 622 254 662 lletrtett
277 621 311 661 lu·

161 680 231 747 milite
248 690 311 719 m·

328 421 390 487 ebe
477 405 573 506 cop.
592 405 627 480 1.
679 402 741 478 De
757 409 842 480 iere
858 425 1019 479 seuerae
1038 400 1257 478 liutem.

328 594 498 687 stupenti,
527 598 575 661 lte
602 601 670 661 tum
692 598 850 659 nouatum
873 596 981 677 esset,
1014 598 1051 658 ut
1083 610 1216 678 poenes
1245 594 1393 680 publices

159 746 195 777 ιι.
328 720 432 784 mullo
470 718 578 809 megls
615 720 712 804 que'm
750 716 1003 782 emolumentum
1032 716 1120 800 eius,
1158 716 1216 801 qul
1243 714 1392 783 (lemnum

327 859 450 927 pessus
484 842 595 926 esset,
630 833 837 925 speeteret⁵)
874 828 1047 919 (ueterum
1079 836 1191 926 legum
1229 837 1392 905 diuersum

328 960 558 1029 condicionem
580 960 701 1046 fuisse,
723 976 826 1044 supre
848 949 987 1040 doenO:
1009 978 1150 1045 aequum
1168 960 1321 1027 tortasse
1340 962 1392 1025 ui-

327 1102 400 1149 sum
421 1087 491 1171 est,
513 1085 609 1149 tento
630 1083 738 1172 megis
759 1083 858 1147 etiem
881 1082 1033 1166 priuetee
1054 1084 1248 1148 nocentium
1275 1099 1393 1169 perse-

327 1207 454 1272 cutioni
483 1202 679 1293 indulgere,
713 1203 975 1288 truletltiemque
1000 1206 1166 1269 actionem
1196 1222 1269 1268 non
1298 1203 1392 1269 nodo

187 1384 190 1391 .
328 1326 501 1413 corrigere
528 1325 642 1429 potius
668 1325 832 1409 nouisque
859 1323 976 1413 figuris
1008 1314 1099 1405 (tem
1128 1323 1271 1391 directis
1299 1342 1390 1412 quem

328 1436 529 1528 noxelibus)
554 1463 681 1532 engere
703 1464 799 1531 quum
826 1447 963 1531 penitus
984 1446 1122 1533 tollere,
1149 1464 1267 1511 uerum
1296 1447 1389 1512 etiem

326 1566 669 1653 praeelectionem,
696 1566 785 1653 quod
808 1568 884 1633 olim
912 1568 1049 1659 fuisset,
1079 1569 1231 1653 perieulo
1252 1566 1388 1655 impedi·

329 1691 506 1775 mentoque
527 1688 672 1756 liberere
693 1706 734 1756 ec
751 1684 926 1762 soluere.⁶)

158 1907 311 1951 nmmum
391 1883 473 1972 Age
494 1902 576 1950 uero
599 1884 641 1951 de
662 1886 808 1951 utilitate
835 1884 1030 1952 emendetue
1051 1885 1150 1952 huius
1170 1886 1319 1954 tutionis
1339 1888 1386 1951 ul-

161 1966 244 2007 uuiitm.

329 2004 466 2070 deemus
497 2005 576 2091 quid
605 2005 818 2073 statuendum
846 2008 891 2074 sit
919 2007 1036 2098 nobit,
1063 2010 1099 2074 et
1132 2006 1213 2093 quid
1253 2006 1387 2074 Veteres

328 2128 603 2193 existimauerim.

392 2321 612 2407 Temporibus
633 2322 785 2405 mutetis,
807 2324 1021 2391 cessentlbus
1041 2325 1185 2410 prluutls
1207 2325 1286 2392 istis
1302 2324 1388 2412 quesl

329 2443 428 2509 bellis
455 2441 688 2529 hominumque
715 2446 900 2531 potentium
931 2446 1178 2514 incursionibus
1212 2465 1256 2514 te
1289 2464 1388 2534 peene

328 2565 496 2629 obliuione
519 2564 691 2651 obsoletis,
712 2567 777 2632 ium
798 2569 907 2633 rerior
928 2570 1097 2635 existebat
1120 2571 1289 2654 propositi
1308 2566 1388 2633 lull·

327 2687 370 2751 oli
404 2705 486 2751 usus
514 2688 654 2770 propter
680 2685 831 2753 (lemnum
866 2708 914 2755 eor
943 2689 1029 2777 lepis
1060 2686 1229 2777 Amineae
1256 2708 1386 2778 pestere,

328 2806 415 2892 quod
438 2810 471 2872 ui
494 2807 680 2874 bominibus
701 2811 838 2875 ermetis
854 2813 1025 2877 eoeetisue
1042 2810 1155 2876 delum
1173 2815 1279 2878 esset.
1302 2807 1387 2880 Con-

327 2934 382 2993 tre
411 2931 445 2993 in
477 2927 550 2994 dies
578 2931 686 3019 magis
714 2932 858 3015 poenale
885 2950 926 2998 eo
956 2950 1109 2998 seuerum
1142 2931 1209 3000 boe
1238 2933 1386 3000 iudicio·

328 3056 467 3135 propter
488 3050 578 3116 bona
597 3056 704 3137 rapta
726 3053 844 3117 unionis
865 3051 1029 3118 bominum
1049 3051 1311 3139 prebebatur⁷):
1328 3071 1386 3120 non

327 3192 392 3258 quo
414 3172 448 3236 ui
471 3171 657 3238 bominibus
675 3176 811 3239 ermetis
828 3176 999 3240 eoeetisue
1020 3177 1123 3241 multo
1146 3178 1288 3263 saepius
1306 3176 1386 3243 bono

326 3298 537 3379 raperentur
566 3314 661 3380 quem
693 3295 860 3361 domitum
888 3314 934 3361 ee
965 3296 1050 3384 lepis
1078 3293 1248 3386 Aquiliae
1270 3313 1385 3387 pestere

360 3611 389 3678 5)
407 3615 460 3667 Lex
478 3616 545 3668 luite
565 3616 829 3684 ceramussense
887 3619 930 3672 33.
952 3634 966 3671 e
988 3621 1020 3671 Ι..
1030 3622 1056 3671 1.
1078 3634 1118 3684 pr.
1130 3624 1158 3673 lt.
1173 3629 1193 3672 t.
1209 3626 1381 3689 cognominus.

326 3709 354 3754 et
377 3706 442 3767 iguis
474 3706 687 3760 interdictionem
716 3722 829 3772 poenum
887 3709 1380 3779 Dehiscepoenisomuibue,etoueu·

326 3794 480 3850 constituit,
507 3795 561 3845 cie.
587 3795 655 3846 Pltl.
673 3798 700 3857 l,
723 3797 757 3857 e,
783 3795 828 3846 23.
886 3798 1031 3848 edrnodum
1064 3799 1192 3862 deinceps
1225 3805 1379 3864 exutpemttt

325 3891 440 3942 eumque
466 3882 505 3934 lex
527 3884 593 3934 luite
617 3886 728 3948 Augusti
750 3889 777 3935 iu
801 3887 829 3935 ul
886 3886 1001 3946 luerint,
1020 3887 1121 3938 ultlesie
1143 3888 1327 3941 Wueebterun
1341 3885 1377 3935 ll

325 3968 428 4027 publice
448 3973 567 4022 retinuit.
582 3974 613 4022 L.
625 3974 668 4022 10.
684 3971 749 4036 §.2
759 3974 785 4023 b.
796 3982 828 4035 t.‚
887 3973 1019 4035 petet.
1031 3976 1375 4042 p.221.eeqq.p.226.seei·

325 4059 379 4105 uim
392 4060 521 4119 priuatum
541 4061 720 4121 publicatione
734 4066 827 4115 tertiee
920 4060 947 4122 6)
969 4063 1036 4114 Vltle
1049 4077 1130 4126 eupre
1141 4063 1172 4129 δ.
1182 4069 1208 4116 1.
1222 4073 1289 4118 nott.
1300 4060 1373 4117 iili·

325 4151 404 4206 pertis
420 4146 549 4196 bonorum
564 4151 654 4208 puniri
667 4152 753 4208 lussit,
767 4165 826 4202 oum
885 4158 910 4201 et
921 4152 947 4201 lt.
963 4148 992 4212 ss.
1004 4151 1028 4200 ³.
1045 4153 1230 4205 uot.lil.io3.

324 4232 504 4285 additamento
523 4236 582 4295 illo,
603 4236 676 4299 quod
695 4249 754 4301 rep.
770 4247 825 4290 not.
917 4236 945 4303 ’1)
960 4236 1370 4307 videsuppetonoiqoenott·
