3114 5046
337 345 399 404 ‘290
431 339 525 440 Cup.
554 341 587 412 i.
642 338 703 413 De
728 342 813 412 iure
840 360 1001 410 caussae
1029 335 1299 411 Caeciaiaaae.

169 562 275 600 senone·
296 561 314 597 a
338 544 442 605 morte
484 559 545 604 sne
582 535 886 623 adprehendendae
924 537 1080 620 optimam
1117 539 1400 621 opportunitatem

169 617 219 669 §piri
239 619 269 658 tii.

338 663 546 746 praebuisset
554 656 605 733 ⁹³).
628 662 698 725 lem
720 655 893 722 Aebutius
916 655 1116 722 hereditatis
1134 660 1400 724 controuersiam

338 802 470 849 mouere
501 777 678 848 Uerminae
713 782 843 865 eoepit,
881 778 1098 863 omnibusque
1131 777 1238 844 modis
1276 785 1401 865 partem

336 924 427 971 suem
450 922 576 994 augere
594 905 736 969 conatus
755 905 816 966 est.
859 898 945 981 Quid
962 901 1067 984 igitur
1081 906 1202 990 ageret
1221 896 1402 967 Geretae?

336 1025 566 1092 Hereditatem
589 1027 720 1109 peteret
742 1023 785 1088 ab
807 1018 987 1087 Aebutio?
1022 1021 1098 1087 Non
1122 1025 1251 1107 potuit,
1281 1026 1401 1108 quippe

336 1148 368 1213 td
384 1167 494 1237 genus
506 1149 672 1212 actionum
689 1144 940 1231 possidentibus
955 1161 1022 1208 non
1045 1149 1097 1208 est
1112 1142 1402 1228 eomparatum²³).

338 1270 564 1354 Exspectaret
596 1269 699 1355 igitur
728 1265 802 1330 dum
834 1265 1000 1330 Aebutius
1029 1283 1050 1330 e
1079 1283 1117 1329 se
1147 1257 1311 1349 peteret?
1357 1266 1400 1331 At

336 1391 400 1455 bec
435 1387 531 1454 modo
568 1394 602 1453 et
629 1387 828 1453 hereditatis
859 1387 929 1470 ius,
974 1388 1069 1470 quasi
1108 1388 1228 1451 timere
1260 1387 1400 1473 quodam

338 1513 530 1598 perculsus,
574 1512 607 1574 in
645 1512 774 1575 incerto
810 1507 1022 1592 reliquisset,
1060 1512 1095 1573 et
1133 1508 1333 1574 diuisionem
1365 1528 1401 1574 ao

336 1634 575 1698 communionis
597 1601 864 1716 diremptionem,
894 1630 927 1694 in
957 1628 1116 1694 eiusmodi
1146 1632 1241 1696 socio
1263 1634 1401 1697 maxime

338 1756 533 1839 optabilem,
555 1753 751 1818 distulisset.
793 1749 881 1832 Quid
903 1752 1008 1840 igitur
1030 1742 1111 1816 est?
1138 1751 1302 1817 Familiae
1325 1753 1401 1817 ber-

335 1876 533 1959 eiscundee,
568 1894 633 1961 que
654 1876 728 1938 seia
750 1874 858 1959 potuit
880 1876 1032 1960 actione,
1062 1875 1154 1961 egit,
1187 1891 1299 1959 eoque
1321 1892 1400 1941 eon-

336 1999 427 2082 siiio,
449 1999 528 2062 i’orti
551 1997 646 2061 simui
668 2015 708 2061 ae
730 1997 895 2079 sepienti,
918 1997 1050 2081 utrique
1071 1996 1121 2060 rei
1143 1993 1304 2078 prouidit.

400 2121 487 2185 liele
510 2117 643 2183 tandem
659 2115 825 2183 Caecinae
849 2119 984 2201 incepto
1007 2115 1282 2202 quemadmodum
1299 2120 1399 2203 impe-

338 2240 515 2305 dimentum
545 2257 736 2323 moremque
766 2238 935 2304 Aebutius
962 2239 1112 2303 intulerit
1142 2237 1399 2306 denuneistione

337 2533 392 2570 rem
404 2518 465 2569 uide
480 2529 560 2578 supra
570 2530 597 2579 p.
608 2515 670 2565 eei.
681 2523 737 2566 not.
751 2519 794 2567 10.
809 2544 837 2554 -
894 2522 1053 2578 interpretes
1075 2521 1289 2581 quaestuosum,
1318 2526 1400 2570 utrum

336 2608 402 2658 Nero
437 2620 505 2670 quae
538 2606 655 2657 secunda
693 2606 729 2653 ibi
760 2607 836 2656 habe·
896 2621 976 2670 penus
1007 2609 1183 2670 possessionis
1212 2607 1401 2659 demonstrare-

337 2705 380 2746 tur
400 2708 508 2746 coussee
531 2695 634 2757 ligure,
657 2695 715 2744 telis
736 2702 789 2752 est,
810 2701 840 2742 ut
897 2701 948 2755 tur,
968 2698 1037 2760 quod
1048 2698 1187 2758 praetorto
1204 2698 1265 2746 iure
1284 2703 1400 2751 constet.

337 2796 432 2840 neuter
462 2787 592 2848 litigator,
632 2797 711 2845 quum
738 2790 839 2845 portem
897 2797 929 2834 eu
950 2786 1021 2848 qaod
1047 2784 1112 2847 [eeu
1136 2792 1174 2835 est
1201 2799 1233 2834 oe
1263 2785 1401 2839 masmar

336 2877 487 2929 hereditatis
505 2875 555 2924 eibi
579 2873 690 2928 adserit.
722 2885 780 2923 eem
802 2874 839 2921 in·

336 2974 433 3030 tegrern
464 2963 605 3025 possiden.
661 2961 838 3023 Quamobrem

335 3067 416 3118 quurn
448 3055 561 3101 inuicem
593 3064 670 3114 opere
701 3050 836 3107 dieantur,

335 3144 400 3192 nibit
425 3155 485 3191 eum
512 3138 580 3189 Gaio
608 3139 740 3200 discrepet
765 3138 838 3201 quod

337 3232 464 3292 Ulpianus
483 3228 615 3288 ostendit,
636 3235 759 3279 neutrum
782 3230 838 3277 sine

335 3320 454 3380 periculo
478 3321 640 3377 exceptionis
666 3329 744 3376 posse
764 3317 839 3366 bere·

334 3409 421 3458 ditetis
432 3408 639 3457 controuersiam
653 3405 766 3454 lemitiee
780 3404 839 3454 ber-

333 3495 581 3546 eiseuudaeiudieio
594 3493 763 3543 concludere.
784 3493 839 3541 Uti·

334 3599 385 3648 que
400 3586 450 3635 boc
470 3585 529 3635 ioco
551 3583 677 3643 Ulpianus
698 3585 723 3630 in
745 3596 777 3632 eo
800 3586 838 3630 to·

333 3680 375 3724 tus
394 3681 451 3732 est,
476 3680 506 3722 ut
526 3671 705 3733 intelligatur,
727 3670 837 3720 muitum

333 3767 477 3819 iuteresse,
509 3770 597 3811 utrum
629 3773 674 3820 qur
700 3758 837 3808 dimidium

334 3860 434 3913 partem
459 3851 613 3902 hereditatis
642 3848 674 3898 ed
698 3862 725 3898 se
757 3849 838 3908 perti·

334 3954 395 3990 nere
410 3940 490 3998 dicit,
511 3942 578 3989 benc
597 3936 732 4000 possident
748 3949 780 3984 un
799 3934 837 3982 di-

333 4030 440 4077 rnidiurn
469 4035 569 4088 partem
594 4041 680 4075 rerum
708 4025 838 4072 beredita-

333 4120 443 4166 morant.

367 4204 411 4266 23)
432 4204 501 4254 Olim
517 4203 599 4252 multo
620 4203 751 4251 curiosius
773 4201 836 4249 iliud

898 2887 977 2936 quem
994 2875 1069 2929 bueo,
1089 2879 1148 2923 uter
1163 2875 1321 2934 possedisset
1343 2875 1400 2936 epis-

896 2969 1000 3024 ssiqae,
1019 2963 1082 3026 quid
1106 2963 1142 3010 ad
1159 2963 1294 3025 ependum
1307 2975 1402 3026 posses·

896 3054 935 3100 sto
947 3051 1088 3106 uetuisset,
1103 3050 1235 3111 denique,
1248 3053 1320 3114 qued
1330 3063 1402 3116 epea·

896 3140 924 3188 di
939 3139 1077 3188 consutum
1093 3137 1196 3200 [ausa.
1213 3164 1243 3174 —
1266 3140 1335 3190 Vide
1345 3141 1403 3189 Pos-

896 3229 1021 3276 seruiium
1050 3227 1083 3276 nd
1112 3228 1139 3276 b.
1163 3227 1181 3276 i.
1206 3234 1232 3278 et
1260 3228 1325 3278 Cres
1346 3228 1363 3278 i.
1385 3228 1401 3276 i.

897 3328 923 3376 p.
944 3314 988 3364 33.
1010 3340 1041 3350 -
1062 3314 1205 3366 Caeterum
1227 3323 1292 3367 suut
1309 3319 1402 3370 susm.

896 3407 943 3466 qui
964 3404 1104 3452 Aebutium
1122 3405 1232 3465 quidem
1256 3407 1357 3471 spisse,
1380 3413 1404 3455 st

894 3494 1037 3554 pessedisse
1047 3493 1186 3542 Cosanum
1196 3497 1349 3552 statuerint,
1362 3509 1403 3544 ue

895 3581 943 3630 iuti
966 3581 1121 3641 Ompbulias
1141 3589 1167 3631 et
1188 3583 1330 3634 Ostendes.

931 3668 974 3733 ut)
994 3671 1025 3719 L.
1046 3671 1072 3718 i.
1093 3667 1122 3731 δ.
1140 3670 1168 3718 e.
1190 3671 1232 3721 Uti
1247 3673 1401 3734 possidetis:

895 3756 1049 3819 (Ulpianus)
1062 3774 1074 3801 o
1087 3794 1093 3807 .
1108 3795 1114 3808 .
1131 3793 1138 3807 .
1153 3763 1225 3810 ectio
1241 3764 1313 3811 enim
1333 3774 1402 3811 uum·

897 3860 1000 3909 «quern
1019 3851 1163 3908 possessori
1185 3849 1285 3906 detur:
1312 3853 1404 3913 quippe

896 3934 1015 3997 «suffieit
1034 3939 1057 3985 et
1074 3939 1144 3999 quod
1160 3938 1310 3999 possidet.»
1330 3937 1402 3988 Ceut.

895 4023 925 4086 ἕ.
950 4024 1018 4072 11.
1056 4025 1284 4077 asertionibus.
1321 4027 1403 4077 noodr

895 4113 1002 4180 odiit.
1026 4112 1086 4176 liig.
1106 4115 1200 4165 Paruit.
1222 4117 1357 4174 berone,
1379 4119 1404 4164 io

895 4202 964 4261 Opp.
986 4201 1017 4248 T.
1038 4201 1074 4248 li.
1096 4215 1121 4262 p.
1146 4204 1208 4253 seo.
1229 4205 1256 4253 b.
