3114 5046
120 334 157 410 s.
187 324 226 395 9.
266 318 448 419 Defensio
464 324 505 393 in
521 331 653 421 partes
669 324 842 421 locosque
859 320 1018 421 differte.
1060 321 1120 384 ¹⁷5

57 511 185 575 Romae
206 510 337 596 quidem
360 508 537 591 Quinctius
559 512 679 595 suerit,
699 509 733 574 id
757 509 845 595 quod
868 510 1122 576 honestissimo·
1140 537 1190 576 ra.
1206 542 1275 588 pon..

56 652 125 695 rum
148 633 294 697 uirorum
318 633 516 697 testimoniis
537 633 670 717 planum
692 634 736 697 sit
761 627 962 710 iuturum¹¹).
1155 592 1223 633 m
1239 594 1257 630 ῃ

117 808 299 873 Enimuero
322 807 408 873 hunc
431 827 563 894 quoque
584 808 907 898 argumentationem
931 811 1004 893 ipsu
1026 827 1123 874 corn-

54 930 219 1012 olextone
249 948 311 994 suo
338 932 411 995 siue
441 930 659 996 conci-urtone
689 931 809 995 misere
842 903 1051 996 cluudicure
1068 949 1125 995 res

56 1053 126 1135 ipss
150 1050 314 1116 declarat.
365 1051 448 1116 Nom
478 1055 515 1115 ut
543 1051 663 1115 fulsum
684 1049 864 1137 aliquando
887 1050 1036 1116 Naeuius
1060 1070 1124 1114 ne-

55 1172 189 1237 dimonii
221 1172 380 1256 promissi·
402 1172 488 1237 diem
511 1175 599 1237 inter
627 1175 775 1258 parietes
803 1175 1032 1260 interrogatus
1061 1170 1124 1236 de-

56 1295 310 1378 monstruuerit‚
337 1296 456 1379 quouis
478 1296 604 1359 erroris
629 1313 756 1383 genere
778 1295 910 1379 lapsu8‚
933 1294 987 1379 qui
1012 1296 1125 1378 potest

56 1414 129 1481 inde
152 1414 292 1499 confici,
323 1434 365 1480 ne
387 1416 453 1480 nlio
476 1415 607 1501 quidem
630 1415 683 1480 dic
705 1416 774 1479 ullo
796 1414 1016 1480 uadimonium
1039 1433 1125 1480 con-

58 1540 200 1602 tractum
231 1536 364 1622 fuisse,
397 1539 492 1601 immo
523 1536 701 1602 uadimonit
732 1541 799 1602 tom
829 1537 995 1603 contracti
1029 1554 1125 1621 quum
1215 1620 1219 1625 1

59 1657 181 1724 deserti
225 1660 425 1723 mentionem
469 1677 596 1724 omnem
633 1657 751 1723 fulsum
793 1657 945 1723 funditus
984 1675 1125 1722 uanum·
1207 1626 1218 1641 ⁹

61 1799 118 1864 que
150 1771 259 1845 esset

116 1947 192 2013 Nec
227 1945 351 2011 firmius
379 1945 538 2011 uidentur
566 1965 655 2036 quoe
687 1945 780 2032 sacti
809 1952 893 2013 norit
927 1947 1125 2013 consistere.

62 2068 215 2133 Nimirum
243 2072 281 2131 ut
314 2072 461 2153 tnceanr,
498 2070 682 2154 oratorem,
719 2071 773 2154 qut
810 2073 989 2151 tantopere
1018 2071 1127 2133 testes

63 2210 135 2255 suos
164 2192 270 2255 ioctet
302 2191 336 2253 in
364 2208 401 2254 re
423 2207 487 2255 nec
509 2187 625 2271 dubio,
666 2193 769 2276 puto,
803 2208 865 2255 nec
887 2193 1126 2270 controuerso,

65 2312 280 2394 profectionis
300 2311 430 2377 scilicet
454 2309 523 2398 dre,
545 2330 612 2375 non
635 2310 732 2375 modo
755 2314 863 2377 testes
885 2310 946 2377 sed
969 2283 1126 2376 nentium

65 2431 187 2515 quidem
216 2449 288 2496 rem
318 2433 416 2497 ullum
446 2432 587 2517 offerre,
620 2431 710 2497 unde
737 2433 970 2519 pisinuntium,
1007 2450 1127 2498 reuera

66 2553 221 2619 Naeuium
250 2553 372 2618 fulsum
402 2554 491 2618 illum
521 2552 700 2618 uadimonii
729 2554 894 2620 contracti
924 2552 1010 2618 diem
1042 2572 1125 2638 pro-

67 2677 260 2760 nunciasse3
296 2674 378 2739 illud
407 2678 500 2741 certo
529 2694 632 2759 sopra
661 2674 817 2742 docuisse
842 2673 920 2739 mibi
941 2667 1127 2758 uideor¹²),

67 2798 140 2860 satis
168 2797 368 2861 instructum
395 2794 573 2860 uadimonti
596 2800 771 2862 contracti
799 2794 1007 2861 documentis
1031 2795 1127 2862 Nee-

68 2919 144 2981 otnm
170 2917 297 2999 foisse,
333 2919 452 2983 contro
474 2914 555 2980 nihil
578 2919 731 3002 proponi,
753 2936 819 3002 quo
849 2921 1024 2984 remisisse
1045 2915 1127 2981 illud

69 3037 281 3103 uadimonium
303 3036 389 3103 idem
412 3039 679 3104 conuinceretur.

119 3160 162 3225 In
184 3178 310 3224 summu
332 3176 472 3246 censeo,
494 3177 537 3223 ne
558 3160 699 3224 alterum
720 3158 850 3245 quidem
874 3162 998 3244 primae
1021 3163 1129 3245 partis

67 3280 167 3345 locum
189 3299 252 3346 sus
273 3282 307 3344 ιιΙ
329 3298 371 3346 uc
394 3283 564 3365 potestate
583 3279 846 3364 adprobandum
864 3278 1009 3361 Quinctii
1025 3300 1128 3348 caus-

67 3420 128 3467 suu
150 3402 309 3467 uoluisse.
364 3397 459 3483 Quae
488 3403 635 3467 fortusse
665 3404 812 3487 suspicio
841 3402 883 3468 de
912 3421 953 3468 ea
974 3421 1013 3468 re
1034 3404 1127 3470 nesci

64 3523 148 3608 opud
171 3522 313 3590 iudicem
337 3524 505 3612 potuerit,
534 3524 589 3608 qui
611 3523 709 3588 inuor
730 3523 808 3589 inde
830 3522 988 3605 Quinctio
1010 3526 1128 3593 conci-

62 3645 154 3730 liuri,
188 3662 274 3730 quoe
306 3643 449 3729 dentque
477 3646 659 3730 aequitatis
690 3647 777 3710 ratio
809 3644 853 3710 ad
882 3647 967 3712 alies
987 3664 1129 3713 caussae

63 3771 177 3849 portes
199 3764 344 3831 deriuari
372 3770 407 3830 et
436 3765 677 3851 quodammodo
701 3766 877 3833 transferri
885 3786 895 3850 3
932 3766 966 3831 id
987 3787 1069 3833 uero
1091 3773 1129 3832 ut

94 4079 135 4130 11¹¹
159 4074 250 4121 c.18.
626 4073 684 4123 so..
714 4069 741 4132 δ.
763 4074 787 4120 ¹2.
810 4088 834 4135 p.
856 4074 919 4129 or..
941 4071 969 4134 ὅ.
992 4075 1015 4123 t.
1038 4091 1063 4137 p.
1084 4075 1128 4123 85.

95 4166 136 4217 12,
162 4163 266 4210 videsis
286 4160 314 4221 δ.
335 4163 362 4208 8.
384 4175 408 4222 p.
430 4161 489 4210 168.
513 4167 567 4208 not.
627 4175 683 4223 seq.
