3114 5046
819 1026 855 1115 S.
877 1033 914 1099 6.

623 1189 677 1257 De
698 1187 916 1280 Aryamcuto
938 1195 1120 1259 orottmata.

403 1348 560 1415 Mancam
596 1349 806 1436 mutilumque
830 1351 1021 1437 accepimus
1042 1350 1254 1435 propositam
1280 1348 1398 1414 oratio-

340 1489 431 1554 nem,
466 1488 535 1535 non
556 1471 662 1536 soium
691 1490 757 1557 qua
784 1475 882 1558 parte
909 1472 1122 1537 ratiocinatio
1144 1473 1181 1536 et
1201 1468 1398 1537 confirmatio

232 1634 235 1641 ·
339 1590 551 1677 continetur,
572 1590 754 1658 sedetiam
775 1593 810 1657 in
831 1594 1035 1658 narratione.

403 1711 524 1797 itaque
550 1711 640 1797 quod
660 1713 695 1778 in
716 1715 862 1780 caeteris
884 1714 1092 1780 orationibus
1113 1715 1216 1779 moris
1239 1712 1346 1803 magis
1364 1727 1399 1777 ac

340 1833 593 1899 consuetudinis
615 1853 711 1920 quam
733 1835 882 1920 aitioris,
908 1839 945 1900 ut
967 1833 1100 1921 dicunt,
1127 1832 1302 1922 indaginis
1332 1850 1399 1898 csse

340 1955 445 2039 soiet,
466 1954 625 2022 uideiicet
641 1958 679 2021 ut
699 1974 786 2044 rem,
808 1955 973 2042 quomodo
994 1959 1094 2046 gesta
1115 1956 1180 2041 stt,
1201 1956 1298 2021 breui
1319 1972 1398 2041 quo

341 2072 416 2141 dam
443 2079 642 2163 argumento
672 2076 875 2164 doceamus3
908 2077 971 2144 hoc
1002 2079 1078 2144 ioco
1114 2095 1276 2143 summam
1307 2074 1400 2143 habet

341 2195 589 2286 difficultatem,
616 2215 726 2283 neque
747 2217 767 2264 e
788 2203 1008 2266 rtorrottmata
1029 2199 1233 2288 fragmentis
1258 2199 1324 2264 nisi
1342 2195 1399 2263 ad·

340 2317 446 2384 hibita
468 2320 663 2385 coniectura
684 2337 726 2386 ac
747 2319 919 2387 diuinandi
942 2318 1083 2406 quadam
1102 2324 1177 2387 arte
1193 2318 1313 2387 condci
1328 2321 1400 2404 pot-

341 2441 406 2506 est.

296 2615 302 2628 .
405 2561 482 2629 Hoc
510 2566 620 2629 autem
650 2562 761 2629 officio
788 2560 1012 2655 Huacdittem,
1045 2564 1280 2630 meritissimus
1314 2560 1400 2629 haim

343 2684 505 2749 orationis
526 2683 637 2750 editor
658 2689 693 2751 et
715 2689 972 2773 commentator,
1000 2686 1049 2751 ita
1076 2685 1216 2750 iunctus
1242 2682 1344 2771 est¹),
1368 2684 1400 2746 ut

340 2806 486 2871 libenter
500 2805 627 2893 iatear,
649 2825 716 2894 me,
739 2806 826 2891 quod
841 2806 977 2895 addam,
1000 2805 1096 2894 nihil,
1119 2824 1205 2890 quae
1219 2805 1398 2891 reprehen-

341 2925 417 2992 dam
438 2930 497 2991 aut
518 2930 700 3015 corrigam,
724 2930 856 2993 nonnisi
878 2946 986 3010 pauca
1008 2926 1170 3013 quaedam
1193 2926 1331 2994 habere

405 3045 503 3128 Quod
533 3067 631 3132 quum
659 3049 707 3113 ita
735 3051 798 3135 sit,
824 3050 1024 3115 ratissimum
1052 3047 1157 3134 duco,
1187 3051 1296 3134 ipsum
1321 3042 1397 3131 quod

341 3169 383 3235 V.
404 3169 447 3235 D.
469 3170 674 3254 composuit,
702 3175 931 3259 argumentum
954 3163 1133 3257 [typorum
1155 3168 1267 3236 forma
1288 3169 1396 3234 distin·

342 3290 424 3377 ctis,
455 3308 540 3374 quae
568 3288 742 3356 dubitandi
770 3295 940 3357 materiam
971 3293 1135 3376 praebere
1163 3281 1344 3370 uidentur]
1369 3291 1395 3350 in

341 3409 480 3475 medium
510 3412 682 3497 proferre,
717 3417 800 3500 tum,
836 3417 994 3499 quantum
1027 3432 1113 3498 opus
1145 3413 1229 3497 erit,
1266 3412 1309 3478 dc
1335 3426 1394 3474 meo

342 3530 499 3597 adlicere.

409 3688 483 3754 «Μ
497 3688 626 3755 Tullius
647 3690 793 3757 habebat
815 3691 849 3755 in
867 3708 952 3779 agro
969 3689 1118 3756 Thurino
1140 3689 1282 3755 fundum
1303 3708 1322 3756 a
1341 3703 1389 3772 pt·

343 3815 395 3876 tre
423 3812 487 3877 sibi
515 3812 682 3900 relictum,
706 3814 759 3880 cui
786 3816 860 3879 erat
887 3811 1008 3878 adfinis
1036 3812 1103 3877 ulia
1131 3803 1386 3897 posscssioness

343 3930 502 3997 Claudius
523 3937 672 4001 senator.
716 3934 762 3999 Et
780 3933 936 4021 quamdiu
951 3932 1005 3999 hic
1020 3930 1153 4019 quidem
1170 3936 1312 4002 uicinum
1326 3930 1384 3995 iuu-

378 4194 404 4258 i)
424 4197 440 4246 ι.
453 4197 470 4246 r.
484 4211 510 4261 ρ.
521 4199 635 4251 oa-m.
