3114 5046
440 398 503 462 3⁷⁰
541 396 636 498 cop.
661 396 706 506 1„
749 393 810 471 De
833 399 919 473 iure
944 418 1106 473 colesea
1130 394 1407 474 Gaeeirm'baoe.

302 595 423 694 m
438 595 474 662 id
496 598 620 684 ipsum,
640 601 678 663 ut
698 596 859 681 sciretur,
880 599 1056 681 utrumqne
1076 596 1140 661 sibi
1163 595 1301 660 fundum
1323 594 1507 678 uindicare,

288 665 364 751 ξω*
439 738 531 786 nune
557 721 667 786 autem
695 736 736 785 eo
764 736 835 786 rem
855 717 1068 803 peruenisse,
1097 719 1135 780 ut
1156 719 1259 803 alter,
1288 716 1448 803 quamdiu
1468 717 1508 782 lis

441 842 549 923 esset,
580 839 788 926 possideret,
820 836 1089 923 defendendique
1113 835 1207 902 fundi
1229 839 1357 903 muneri
1381 839 1507 904 obstrss

441 966 518 1029 etus
539 965 646 1047 esset,
667 963 754 1027 alter
776 961 932 1045 petitoris
952 961 1060 1027 locum
1084 963 1225 1024 teneret

504 1081 597 1148 Idem
621 1082 701 1168 hoc,
732 1082 908 1170 abrogatis
936 1080 1025 1171 legis
1052 1081 1255 1163 actionibus,
1287 1087 1507 1165 curauerunt,

440 1206 480 1269 ut
512 1205 646 1288 priuata
687 1204 743 1267 illa
782 1203 988 1268 deductione
1029 1201 1190 1287 deinceps
1234 1208 1507 1287 assequerentur.

441 1326 561 1411 ltaque
582 1325 638 1410 qui
660 1323 796 1390 fundum
816 1342 886 1388 non
907 1323 1120 1411 possidebat,
1148 1325 1346 1412 imaginaria
1368 1322 1508 1410 quadan

443 1449 477 1512 ui
499 1449 533 1511 ln
554 1462 783 1532 possessorem
806 1448 961 1530 impetum
989 1445 1136 1511 faciebat
1158 1447 1253 1530 quasi
1282 1450 1509 1529 occupaturus

443 1565 580 1633 fundum
604 1568 914 1651 possessionemque
934 1564 1129 1631 aduersario
1151 1570 1347 1653 erepturus3
1370 1566 1426 1633 bie
1447 1584 1508 1631 au-

443 1692 510 1755 tem
531 1689 596 1752 uim
617 1690 652 1752 ut
682 1686 888 1772 depellebat,
915 1693 1017 1773 atque
1046 1705 1282 1776 aggressorem
1310 1688 1418 1752 ueluti
1447 1688 1508 1753 ab·

443 1813 534 1874 torto
557 1809 644 1875 collo
666 1807 709 1874 de
731 1808 835 1874 fundo
855 1809 1064 1897 deducebat,
1087 1810 1404 1895 possessionemque
1419 1827 1508 1875 suan

444 1932 543 1997 etiam
564 1931 597 1995 ul
621 1948 783 2016 manuque
804 1929 1001 2016 adserebat;
1022 1929 1083 1995 sed
1097 1932 1210 2010 simul,
1232 1949 1298 2016 quo
1317 1935 1508 2015 appareret,

443 2051 643 2119 celebrandi
672 2070 742 2116 non
772 2052 1013 2117 contemnendi
1050 2053 1131 2116 turis
1169 2068 1292 2117 caussa
1325 2059 1508 2142 pugnatum

444 2190 539 2261 esse,
577 2174 713 2262 roganti
751 2172 946 2238 aduersario
985 2174 1226 2239 uadimonium
1262 2173 1507 2259 promittebat,

444 2312 552 2380 eoque
586 2295 678 2361 facto
715 2295 764 2360 rel
796 2295 903 2380 ipsius
938 2297 1010 2361 ture
1048 2293 1236 2378 iudicioque
1275 2292 1506 2361 defendendae

443 2435 561 2481 munus
583 2415 792 2500 officiumque
813 2419 848 2480 ln
870 2434 908 2482 se
929 2417 1137 2502 suscipiebat
1146 2408 1196 2494 66).

507 2569 584 2659 Sic,
606 2591 679 2645 mea
698 2572 827 2659 quidem
849 2576 1059 2660 conlectura,
1081 2573 1164 2641 haee
1185 2572 1348 2641 deductio
1365 2591 1506 2660 praepa

444 2692 571 2761 modae
600 2697 635 2760 tn
662 2713 732 2760 rem
761 2698 905 2762 actionis
926 2714 1048 2761 caussa
1069 2697 1187 2785 peregi
1216 2695 1369 2782 solebat,
1404 2714 1508 2782 quan·

444 2815 620 2902 docunque
642 2815 684 2882 de
705 2815 800 2881 fundi
822 2818 1028 2903 proprietate
1051 2819 1098 2881 ita
1126 2817 1372 2904 ambigeretur,
1405 2822 1444 2883 ut
1473 2816 1509 2882 de

445 2939 614 3024 praesenti
636 2940 745 3003 tamen
768 2939 983 3023 possessione
1005 2941 1093 3003 lnter
1115 2940 1304 3028 litigatores
1327 2942 1515 3005 constaret.

445 3059 529 3124 Nam
561 3078 657 3144 quum
691 3060 725 3123 tn
761 3078 799 3124 re
828 3057 974 3144 pelenda
1006 3062 1137 3125 actoris
1170 3077 1302 3144 semper
1335 3070 1457 3144 partes
1487 3062 1529 3124 ie

445 3182 643 3265 sustineret,
666 3184 724 3269 qui
744 3180 926 3246 deducire
946 3200 1073 3266 possets
1095 3185 1201 3269 esset,
1228 3182 1430 3266 possideret
1451 3202 1537 3247 uuae

446 3306 512 3367 tem
532 3319 572 3367 ae
595 3318 707 3367 seeum
729 3300 806 3385 quid
829 3305 988 3389 ageretur
1009 3305 1235 3385 exspectaret,
1256 3305 1316 3385 qut
1337 3303 1550 3371 dedus-ir

445 3427 520 3506 set3
558 3420 656 3487 facile
688 3423 844 3504 apparet,
891 3421 945 3486 ubl
982 3426 1122 3507 uterque
1156 3425 1365 3506 possessoris
1406 3426 1552 3492 locun!

446 3541 642 3623 affectaret,
664 3540 789 3605 deduci
809 3544 978 3628 neutrum,
1000 3543 1169 3608 deducere
1189 3548 1364 3629 utrumque
1381 3548 1552 3612 uolutsae

445 3681 495 3729 se.
538 3661 604 3727 llic
626 3663 730 3750 igitur
751 3660 925 3727 deficiente
947 3664 1152 3751 litigatorum
1181 3683 1351 3730 consensu
1379 3670 1547 3751 priosta

447 3785 504 3850 illa
524 3801 565 3850 ac
587 3782 775 3849 uoluntaria
797 3780 953 3849 deductIo
975 3785 1130 3850 cessabat
1144 3778 1198 3863 θ’),
1225 3787 1401 3874 legitimae
1429 3807 1534 3856 cont

482 4048 527 4115 bt)
548 4052 616 4104 Vide
635 4055 777 4114 praecipue
796 4063 875 4114 quem
894 4063 949 4101 mo·
1041 4050 1087 4116 67)
1103 4052 1207 4104 ideirco
1221 4053 1267 4106 ubl
1280 4058 1510 4117 promereberis«

448 4143 483 4193 do
504 4141 579 4192 attuli
601 4140 686 4190 locum
710 4153 740 4190 ex
762 4142 882 4189 oratione
898 4151 949 4200 pro
1005 4141 1064 4191 stuc
1086 4153 1203 4193 errorem
1229 4145 1287 4194 stuc
1313 4145 1507 4199 rumunnense

451 4230 546 4281 Tettio.
1005 4226 1070 4278 laiso
1089 4229 1140 4279 ribi
1164 4231 1329 4283 uidebuntur
1350 4238 1503 4289 musarum,
