3114 5046
337 391 399 453 306
462 389 557 492 Gap.
584 391 618 465 Ι.
673 391 733 466 De
750 395 835 467 iure
852 415 1013 468 causaue
1031 390 1300 470 caeam.

167 595 318 695 ifflig:
337 591 472 675 saepius
492 593 676 656 uterentur.
720 589 871 676 Denique
899 594 1132 674 uetustiorem,
1170 609 1266 678 quam
1297 591 1339 658 V.
1362 593 1400 658 i).

180 710 251 751 '⁴⁶⁸⁰-
336 712 433 795 dieit,
456 713 543 780 hane
565 713 735 779 formulam
758 713 860 799 louge
882 714 1043 780 mitiorem
1065 714 1170 780 samse
1190 731 1290 800 quam
1312 715 1401 780 aite-

335 853 404 901 ram
433 834 521 900 iiiam
543 825 663 921 (quam
684 853 705 900 e
733 838 850 922 capite
872 834 940 903 44.
960 855 1024 916 pro
1050 832 1165 902 mue
1187 855 1252 904 uos
1273 854 1401 922 propo-

334 945 502 1038 suimus),
524 957 646 1042 quippe
668 973 734 1043 qua
754 958 895 1041 propter
915 973 1088 1023 seruorum
1109 975 1240 1043 quoque
1259 974 1302 1024 ao
1321 975 1402 1042 pro-

334 1079 500 1144 curatoris
522 1077 614 1144 iacta
634 1075 788 1142 domiuus
808 1076 979 1165 alligetur.

398 1199 526 1266 Contra
549 1193 786 1283 sanmatw‘),
809 1217 874 1283 quo
898 1197 1014 1264 ordine
1036 1197 1121 1265 duas
1144 1198 1221 1264 illas
1240 1198 1403 1265 formulas

335 1319 431 1385 modo
453 1319 636 1405 adscripsi,
659 1318 799 1386 eundem
822 1320 993 1385 existimat
1009 1322 1109 1386 etiam
1129 1321 1292 1404 temporIs
1311 1337 1402 1402 esse,

335 1460 401 1529 quo
424 1459 575 1528 quaeque
598 1443 784 1508 constituta
804 1444 907 1526 atque
928 1442 963 1505 iu
983 1439 1107 1508 Edicto
1130 1442 1310 1526 proposita
1328 1440 1403 1506 fue-

334 1563 394 1628 rit:
426 1562 459 1627 in
482 1580 523 1628 eo
546 1581 677 1649 quoque
698 1559 881 1630 Huaedkio
903 1560 1121 1650 aduersatur,
1152 1560 1242 1648 quod
1265 1564 1404 1644 statuit,

335 1684 478 1768 priorem
500 1684 681 1770 leniorem,
710 1684 930 1769 posteriorem
952 1685 1155 1749 seueriorem
1177 1681 1296 1750 iadsse.
1337 1683 1403 1749 Et·

335 1805 421 1871 euim
442 1805 498 1872 ubi
520 1804 664 1872 Praetor
685 1805 918 1872 interdixisset
939 1801 1040 1870 Usum
1062 1802 1107 1870 r'u
1129 1849 1139 1869 .
1159 1849 1169 1890 ρ
1189 1849 1199 1869 .
1220 1823 1402 1886 narrum,

336 1928 386 2012 ei,
402 1927 532 2013 quicum
552 1929 731 2016 ageretur,
753 1925 913 1993 eiusmodi
935 1925 1097 1992 latebram
1111 1926 1266 1992 relictam
1281 1925 1402 2009 fuisse,

337 2051 373 2114 ut
387 2047 535 2134 diceret,
555 2066 624 2114 uon
646 2051 760 2135 ipsum
774 2067 811 2114 ae
832 2047 893 2113 sed
914 2047 1004 2114 aiios
1019 2038 1238 2132 [quamquam
1254 2064 1295 2112 se
1308 2065 1402 2114 mau-

337 2167 440 2235 daute
462 2169 517 2234 uel
537 2160 696 2248 iubente)
725 2166 911 2236 deiecisse:
939 2171 993 2234 eui
1021 2169 1207 2234 calumniae
1229 2169 1403 2256 quomagis

337 2290 575 2371 obsisterem,
590 2289 730 2355 alterum
751 2290 839 2356 iilum
863 2290 1053 2374 formulam,
1074 2286 1175 2355 Uuoa
1195 2308 1287 2356 nouo
1309 2307 1402 2355 uaso

338 2429 404 2476 ruo
426 2456 435 2474 .
457 2456 467 2476 .
488 2457 498 2475 .
518 2429 555 2476 vr
576 2429 751 2477 orrausus
772 2404 889 2498 asr²⁶],
910 2413 1127 2496 compositam
1142 2413 1267 2497 atque,
1289 2415 1326 2477 ut
1343 2427 1402 2477 ao-

338 2535 404 2597 tori
436 2533 529 2616 optio
560 2535 672 2618 esset,
706 2534 809 2617 priori
841 2536 978 2599 seruata
1011 2532 1045 2596 iu
1079 2530 1224 2598 edietum
1258 2531 1402 2598 additam

338 2652 453 2719 fuisse.

402 2809 497 2893 Quae
511 2811 665 2877 Virorum
685 2810 948 2878 doctissimorum
970 2813 1160 2878 sententiae
1181 2812 1302 2878 ambae
1324 2829 1404 2896 par-

338 2933 395 2998 tim
425 2934 498 2998 ueri
527 2935 647 3018 partim
681 2932 758 2998 iaisi
791 2930 915 3016 aliquid
948 2932 1072 3000 habere
1100 2931 1268 2998 uidentur.
1324 2930 1404 2998 Mea

338 3057 448 3120 autem
469 3056 662 3121 coniectura
685 3054 769 3121 haee
791 3058 863 3120 est:
882 3072 890 3088 ·

402 3175 557 3241 Formuia
579 3176 655 3262 iiia,
684 3194 780 3261 quam
812 3195 831 3242 e
860 3175 892 3240 d.
917 3194 946 3242 u.
972 3173 1025 3238 44.
1056 3177 1200 3261 priorem
1221 3174 1405 3262 adscripsi,

372 3430 416 3495 25)
436 3434 491 3484 Ι.1.
511 3446 538 3494 p.
561 3433 623 3483 517.
897 3449 920 3485 o.
934 3435 977 3485 30.
989 3448 1042 3497 pro
1054 3435 1158 3484 Tuttto:
1175 3434 1248 3486 Uada
1259 3436 1323 3486 doto
1335 3436 1406 3486 muto

372 3520 417 3585 20)
435 3523 466 3572 ln
480 3523 507 3573 d.
522 3534 580 3582 esp.
595 3522 639 3572 29.
661 3520 774 3571 habetur
789 3522 840 3570 Uu-
896 3524 1176 3575 maouidaiaotuaait.
1205 3522 1404 3576 Sieenimeaae

337 3612 368 3662 do
386 3625 423 3662 ua
443 3611 504 3662 doto
515 3611 587 3660 mato
606 3613 666 3671 rei„
682 3621 767 3673 eaque
782 3623 841 3672 par·
897 3612 1055 3675 legendum,
1069 3625 1123 3662 nou
1137 3615 1176 3662 uti
1190 3615 1217 3662 iu
1232 3612 1404 3664 Editiouibus

338 3701 428 3761 tieuia,
447 3700 481 3751 ab
498 3699 633 3751 Huaodiio
649 3700 667 3750 i.
680 3700 699 3749 i.
719 3704 781 3761 apta
795 3700 840 3751 de·
898 3713 1036 3762 perperam
1063 3701 1177 3752 habetur
1202 3714 1221 3751 a
1247 3702 1312 3753 doto
1335 3703 1410 3753 asab

338 3789 427 3853 ienae,
445 3790 519 3841 nuiio
537 3794 595 3841 iura
617 3789 660 3839 hie
679 3790 763 3840 eiecta
782 3801 838 3839 esse
895 3803 961 3849 meo,
974 3791 1220 3850 prasterssrmouis
1231 3792 1403 3842 eonsuetudi-

338 3879 453 3930 uidetur.
490 3879 657 3942 Quamquam
682 3878 751 3929 uitro
777 3889 840 3927 eon-
896 3891 957 3930 uem
984 3880 1065 3928 otiam
1094 3878 1197 3929 Godieia
1219 3879 1415 3942 palimpsesto„

338 3967 414 4027 cedo,
434 3968 481 4018 ubi
502 3970 636 4020 sententia
656 3969 738 4030 magis
760 3968 839 4016 iuter·
896 3978 976 4028 quem
985 3979 1072 4028 nuper
1082 3967 1173 4018 denuo
1186 3968 1301 4029 contuli,
1317 3975 1448 4020 auotu‘

337 4058 400 4108 dieti
427 4070 507 4120 quam
535 4056 646 4107 iormuia
674 4056 837 4112 referretur,
897 4053 1045 4105 ritusiaeit.
1083 4055 1144 4117 Qua
1157 4057 1191 4108 de
1205 4070 1234 4110 re
1248 4047 1448 4121 dispuuudfi

337 4147 447 4198 breuius
455 4146 520 4195 iliud
530 4145 657 4206 loquendi
667 4145 837 4209 gouusetiam
895 4143 970 4192 loeus
987 4145 1038 4194 erit
1049 4146 1078 4194 iu
1091 4148 1170 4196 tertio
1183 4145 1254 4198 libro
1267 4154 1359 4199 nostro
1371 4132 1448 4195 aa·

337 4237 458 4285 usitatius
477 4232 573 4284 inisse:
599 4234 680 4284 ueluti
703 4236 791 4283 statim
811 4234 837 4281 in
896 4233 1042 4282 orationem
1061 4246 1115 4294 pro
1135 4234 1232 4285 mato.
