3114 5046
64 311 97 388 s.
114 301 153 374 7.
178 298 241 374 Δ’.
262 298 326 387 0·.
344 301 533 376 absentem
550 309 652 377 recte
669 301 878 402 defenderit
894 322 1021 381 rueru-
1060 304 1122 368 ¹³³

120 487 211 570 Quin
239 482 353 555 enim?
381 486 490 557 Recte
511 508 697 578 anonymus
718 493 774 558 iile
805 491 848 558 V.
871 492 912 557 ii.
936 495 1123 583 negauerit,
1141 500 1289 612 'mx

61 608 253 678 Ciceronem
281 611 457 699 quidquam
490 614 523 677 in
552 613 679 679 oranda
708 612 771 680 hae
800 631 920 680 caussa
947 632 987 680 eo
1012 615 1121 681 animo
1140 615 1187 656 “⁵⁰-

61 736 249 821 miiigasse,
277 738 458 823 quioniam
479 731 640 801 Naeuium
669 735 888 825 laederetur,
918 754 1030 802 nonne
1056 734 1122 804 hoe

61 857 128 921 iueo
153 856 266 940 putuit
287 855 355 921 aliu
379 854 520 941 quedam
545 857 701 942 consilio,
737 857 826 943 quod
855 857 999 944 diceret,
1030 858 1122 923 miti-

59 970 169 1066 gare?
189 975 275 1042 Num
297 980 433 1062 praeter
452 974 631 1044 Naeuium
652 979 896 1045 aduersarium
917 997 1013 1044 nemo
1035 979 1121 1045 ade-

59 1103 122 1185 rat,
156 1100 254 1165 cuius
275 1099 412 1166 auribus
433 1102 548 1164 oratur
570 1102 687 1184 posset
717 1118 857 1184 parcere
886 1091 999 1166 uelle?
1032 1098 1120 1183 Quid

61 1223 84 1285 si
104 1221 257 1286 iadnem
279 1224 313 1286 ei
335 1222 390 1307 qui
412 1223 447 1286 in
468 1222 607 1288 eonsiiio
630 1225 762 1304 essent,
792 1221 934 1307 denique
961 1223 1016 1288 uei
1037 1241 1120 1289 eae-

62 1349 145 1408 ieros
167 1341 346 1408 audientes
366 1333 603 1428 respexisset?

116 1464 280 1550 Aperiam
302 1464 436 1550 pianius
457 1463 546 1551 quud
567 1465 688 1530 sentio.

116 1586 190 1652 Fae
210 1604 326 1651 uerum
355 1604 448 1672 esse,
482 1585 570 1671 quod
601 1603 703 1671 snpra
733 1586 883 1671 pluribus
913 1588 1120 1676 argumentis

63 1708 338 1792 confirmauimus,
359 1705 424 1775 hae
446 1726 576 1793 quoque
598 1724 740 1774 caussae
762 1705 984 1790 Quinctianae
1005 1705 1118 1775 aetate

63 1827 194 1913 perinde
226 1848 268 1896 ae
297 1832 417 1914 postea
438 1827 528 1914 apud
553 1823 685 1896 Guium
707 1832 927 1915 caeterosque
952 1831 1118 1896 iurecon-

61 1952 179 2034 sultus,
202 1951 381 2035 explorata
402 1951 484 2015 iuris
504 1950 636 2015 ratione
658 1952 885 2035 procuratori,
901 1947 968 2037 'qui
990 1952 1119 2017 absen-

60 2077 115 2137 tem
137 2070 264 2138 iudicio
287 2070 487 2137 defensurus
508 2075 617 2158 esset,
638 2070 817 2138 iudicatum
838 2073 923 2138 suini
945 2072 1119 2138 satisdan-

59 2193 125 2258 dum
148 2194 275 2259 fuisse:
307 2191 385 2279 quid
407 2192 558 2278 proficiet
580 2192 725 2283 Tullius,
757 2195 785 2259 si
808 2195 950 2260 maxima
970 2213 1055 2261 uoce
1077 2212 1119 2262 ae

58 2334 110 2399 pru
132 2334 172 2382 re
196 2313 387 2381 indubitata
407 2313 640 2400 contenderit,
672 2315 792 2380 iniuria
812 2313 974 2381 Naeuium
997 2315 1119 2401 postu-

57 2438 194 2527 iuuisse,
231 2439 270 2501 ut
302 2435 449 2501 Alienus
484 2440 683 2521 procurator
718 2436 896 2504 iudicatum
933 2439 1019 2503 solui
1054 2440 1118 2505 sibi

56 2549 270 2626 satisdaret‘i

110 2681 224 2764 Nihil,
259 2683 387 2766 opiner.
443 2676 613 2766 Siquidem
643 2700 711 2745 non
738 2682 822 2746 satis
849 2686 902 2746 esi
923 2681 1118 2768 uociferari,

59 2806 110 2868 nisi
134 2805 237 2869 etiam
259 2802 464 2889 probaveris
484 2805 615 2888 iudiet3
648 2821 784 2888 prauam
811 2807 920 2868 autem
943 2822 1014 2868 eam
1037 2805 1117 2868 iuris

61 2930 217 2992 rationem
231 2922 270 2993 (ἶ.
287 2924 435 3010 Aquiliiu
451 2944 624 3008 numquam
643 2925 786 3009 probare
809 2927 984 3009 potuisset.
1008 2922 1117 3006 Quin-

62 3051 149 3112 etiam
172 3048 388 3132 pertinacius,
402 3044 588 3111 insistendo
610 3050 644 3110 et
667 3045 765 3112 iudici
783 3048 818 3111 et
833 3049 885 3132 iis,
904 3049 958 3129 qui
979 3049 1012 3109 in
1030 3065 1116 3111 euir-

63 3169 124 3232 aiiiu
148 3172 282 3252 essent,
312 3169 521 3252 eaeterisque
549 3165 762 3232 audientibus
782 3170 1006 3252 suspicionem
1029 3169 1116 3232 inie-

65 3292 170 3374 cisset,
204 3289 333 3354 infirmo
364 3289 421 3353 iiio
454 3289 629 3376 iueouuno
658 3294 764 3353 totum
791 3292 995 3371 consistere,
1027 3290 1117 3375 quod

67 3407 181 3476 iuiiius
212 3429 339 3475 summo
372 3409 484 3474 studio
517 3410 764 3497 contendebat,
800 3416 894 3477 reete
927 3410 1115 3494 Quinctium

68 3532 225 3598 absentem
247 3533 290 3597 ab
314 3530 439 3596 Alieno
462 3529 633 3597 defensum
657 3552 741 3599 esse.

115 3653 165 3719 At
186 3655 273 3718 enim
290 3656 508 3718 recusauerat
523 3652 669 3717 Alienus
686 3655 765 3737 quin
779 3654 908 3719 Naeuio
922 3655 1113 3721 satisdarei.

71 3769 146 3863 drgo
181 3792 245 3841 nec
282 3777 386 3841 taceri
423 3773 457 3839 id
490 3777 621 3857 potest,
655 3793 762 3860 neque
792 3778 863 3840 sine
896 3779 1114 3843 excusatione

71 3895 164 3981 aliqua
186 3897 340 3982 proferri.
383 3894 481 3962 Unde
504 3896 556 3979 iii,
578 3900 613 3959 ut
635 3895 678 3960 ad
700 3896 818 3960 Naeuii
833 3899 936 3962 uerba
956 3896 1113 3964 tronu-

74 4014 197 4082 daiam
210 4023 252 4083 nt
265 4018 477 4084 satisdaret·
495 4017 623 4082 'l'uiiius
636 4022 779 4100 reponat
795 4017 939 4102 quidem:
957 4017 1112 4084 «tritinia

75 4140 311 4220 purtntubnn·
358 4136 456 4221 Quod
478 4159 574 4224 quum
599 4139 702 4223 probe
724 4141 809 4205 sciat
832 4141 950 4206 nemini
973 4160 1010 4206 se
1029 4159 1110 4225 pro-
