3114 5046
66 309 100 386 s.
118 300 159 373 8.
187 294 251 371 Δ’.
272 292 339 384 0¹.
357 296 547 372 absentem
562 304 665 372 recte
682 294 892 396 defenderit
908 322 1043 379 aem„
1068 301 1126 364 lul

124 483 203 567 Quo
234 484 278 550 de
312 504 351 552 re
380 488 570 572 priusquam
606 489 829 572 suspicionem
860 508 965 559 meam
997 491 1129 576 planius
1147 497 1287 610 32:2¹³.ss

64 610 231 694 aperiam,
263 611 489 676 necessarium
519 610 653 675 uidetur
680 608 722 675 de
744 611 909 677 tribunicii
931 613 1047 677 auxilii
1068 631 1129 680 re·
1147 613 1228 666 ΝΜ·

64 732 154 796 tione
176 733 213 796 et
233 749 315 814 usu,
347 749 456 817 quoue
484 729 581 796 modo
612 729 776 796 aduersus
794 731 970 809 ,Praetoris
992 733 1129 800 iurisdi-

63 855 207 918 etionem
239 854 409 936 interponi
440 856 476 917 et
510 851 662 918 debuerit
691 859 726 917 et
754 855 902 939 potuerit
929 856 1128 941 solitumque

64 976 120 1057 sit,
144 990 256 1058 pauca
277 971 387 1039 denno
408 975 628 1057 praemoneri
691 1026 694 1032 .

122 1131 244 1218 Atque
265 1132 477 1216 perspicuum
499 1136 567 1216 est,
596 1131 786 1217 Praetoris,
814 1135 869 1219 qui
897 1136 960 1198 iuri
983 1133 1128 1201 dicundo
1145 1146 1242 1244 'if-:g
1256 1158 1294 1186 w

65 1256 220 1337 praeest,
241 1252 354 1319 cilicio
369 1251 402 1317 id
417 1256 599 1338 contineri,
618 1258 656 1318 nt
670 1256 722 1319 ius
738 1255 852 1338 ciuile,
874 1256 972 1340 quale
985 1256 1128 1343 legibus,

64 1375 227 1460 moribus,
248 1375 501 1462 magistratuum
525 1373 666 1456 uuicos,
691 1379 895 1442 auctoritate
912 1375 1128 1459 Prudentem,

64 1499 235 1581 aequitate
257 1500 291 1562 et
313 1516 343 1582 q.
365 1516 400 1586 g.
420 1514 452 1562 a.
475 1500 627 1583 constat,
658 1502 813 1584 tueatur,
840 1501 1006 1563 sustineat
1026 1504 1128 1583 atque

64 1616 101 1681 ad
123 1618 282 1685 etl'ectum
304 1616 483 1703 perducat,
508 1620 734 1708 litigatoribus
756 1618 899 1704 denique
920 1621 954 1683 ln
977 1620 1127 1685 omnibus

66 1757 259 1804 mossarum
301 1739 418 1826 liguris
459 1741 651 1807 remorderet
684 1739 786 1806 tiliae.
814 1745 903 1806 tarto
936 1732 1128 1828 praerepta

65 1880 154 1926 suom
185 1863 307 1947 cuique
337 1863 481 1947 tribunt,
514 1865 782 1947 potestatemque
811 1881 904 1927 suam
935 1856 1144 1947 imperiique

65 1985 124 2048 uim
147 1984 346 2068 petentibus
366 1984 604 2049 accommodet.

120 2103 191 2172 Ubi
220 2123 242 2168 a
270 2107 365 2171 recta
394 2123 435 2171 ea
463 2104 564 2171 officii
592 2107 724 2170 ratione
752 2104 895 2171 Praetor
924 2105 996 2169 siue
1017 2105 1127 2187 impe-
1263 2129 1265 2132 ·

62 2228 133 2290 ritia
154 2228 193 2292 et
215 2244 331 2293 errore
356 2228 429 2292 sine
454 2223 638 2311 cupiditate
663 2224 855 2313 deflexerit,
887 2228 989 2310 atque
1014 2227 1125 2310 inique
1240 2251 1242 2257 ¹

62 2346 273 2414 decernendo
295 2349 402 2432 ipsum
423 2345 503 2412 illud
524 2348 578 2412 ius
598 2348 713 2430 ciuile,
734 2345 907 2412 custodiae
932 2348 1125 2431 tutelaeque

61 2487 141 2535 auae
162 2467 371 2551 mandatum,
399 2467 597 2556 infregerit,
630 2470 838 2553 corruperit,
869 2469 1125 2552 contempserit,

61 2592 139 2657 tnnc
170 2608 256 2655 nero
288 2588 415 2656 decretl
444 2591 595 2654 iniuriam
624 2607 725 2674 passo
754 2588 893 2673 putebat
918 2588 1124 2652 tribunorum

62 2713 235 2792 auxilinm,
264 2729 330 2795 quo
358 2712 548 2796 praetoriae
572 2710 753 2796 potestatis
773 2709 838 2773 uim
861 2712 896 2773 et
917 2710 1124 2774 coactionem

64 2832 121 2898 sibi
150 2832 358 2919 depelleret,
391 2835 563 2917 ipsumque
595 2829 765 2897 decretum
794 2828 838 2894 ad
867 2830 993 2893 irritum
1020 2848 1125 2894 reoo-
1212 2821 1213 2825 ’

65 2958 163 3019 caret.

120 3075 277 3140 Eatenus
298 3075 402 3163 igitur
423 3074 620 3139 intercessio
643 3073 848 3138 tribunorum
874 3071 982 3156 plebis
1011 3077 1123 3138 corri—

69 3196 195 3280 prudae
217 3194 349 3282 quidem
369 3194 624 3261 turtsdiettoats
643 3197 862 3282 praetoriae,
889 3193 984 3257 simul
1013 3196 1124 3257 tamen

71 3317 238 3384 retirmrdt
270 3313 564 3404 corrfirmaadtpae
594 3319 684 3381 tarto
705 3314 819 3381 cludis
840 3332 960 3379 caussa
986 3333 1126 3400 compo-

72 3442 133 3504 rate
162 3442 258 3520 erat3
292 3438 503 3523 quamobrem
534 3438 562 3503 si
599 3438 673 3522 quis
708 3435 751 3501 ad
780 3435 972 3501 hodiernum
1004 3455 1124 3502 morem

74 3563 266 3640 potestatum
288 3559 493 3644 publicorum
520 3576 649 3646 genera
678 3557 884 3642 distinxerit,
917 3558 1125 3623 tribuniciam

78 3676 148 3746 lenc
182 3681 456 3746 intercessionem
493 3677 581 3744 haud
617 3678 763 3744 absurde
799 3676 971 3744 iudiciario
1007 3680 1124 3766 generi

81 3799 307 3887 adnumerabit,
330 3802 454 3886 quippe
476 3818 577 3888 quae,
600 3802 731 3864 tametsi
755 3799 905 3881 proximo
927 3819 988 3863 suo
1004 3799 1124 3864 ellectu

85 3927 263 3989 rescissoria
293 3921 435 3987 sitnon
468 3918 729 4006 reformatoria,
768 3924 879 3985 tamen
912 3919 1051 4005 perinde
1083 3938 1124 3986 oc

88 4043 254 4120 quotidiana
287 4042 461 4109 Praetoris
493 4039 678 4108 iurisdictio
715 4044 790 4105 iure
827 4039 924 4106 alulit
961 4046 1123 4125 tamquam
