3114 5046
139 346 177 423 s.
202 333 244 409 2.
300 332 384 419 Quo
398 335 494 407 inre
516 329 579 433 Νη
606 333 700 405 bono
734 331 793 418 (a.
818 332 1042 431 possederit.
1087 337 1124 397 51

62 528 172 591 tiaris
204 541 358 590 caussam
385 522 443 587 illa
476 522 702 592 referrentur3
739 542 846 609 neque
878 524 1128 589 animaduerte-
1146 522 1294 629 ‚21⁸3ssss

62 647 157 731 bant,
182 663 268 731 quae
289 649 401 709 tamen
422 647 500 709 sunt
521 645 808 731 manifestissima,
837 645 975 729 primum
996 663 1128 730 semper

61 767 258 835 Ciceronem
279 763 493 849 defensionis
515 766 602 831 illam
625 768 853 851 quaestionem
874 766 1128 833 alatttattonls

62 907 184 954 caussa
205 888 383 973 seiungere
406 889 573 971 totamque
595 874 776 952 absentiae
798 887 984 972 adplicare3
1007 886 1127 953 deinde

62 1012 253 1074 uniuersam
280 1008 479 1073 latitationis
508 1026 659 1073 caussam
689 1009 722 1071 in
743 1015 965 1094 praesentem
987 1011 1127 1093 potissi-

62 1152 145 1195 mum
173 1125 366 1210 cadere¹⁸),
397 1128 547 1213 adeoque
583 1129 638 1194 uel
670 1130 745 1212 ipso
778 1129 953 1194 uerborum
986 1134 1127 1216 tenore,

61 1273 124 1338 quo
147 1252 275 1318 absens
297 1248 474 1333 Quinctius
495 1249 655 1315 defensus
677 1269 753 1316 esse
780 1250 968 1335 diceretur,
997 1251 1126 1317 absen-

60 1378 149 1440 tiam
190 1375 350 1438 bonorum
386 1369 661 1456 possidendorum
697 1390 848 1437 caussam
885 1371 1126 1455 demonstrari,

60 1496 300 1560 latitationem
322 1512 402 1557 uero
425 1494 519 1578 quasi
542 1494 734 1558 necessario
757 1491 900 1559 excludi.

120 1615 359 1681 Verumtamen
394 1614 435 1680 de
468 1616 534 1678 isto
569 1632 682 1679 errore
709 1615 773 1679 lam
796 1616 924 1679 nimium
948 1616 1045 1680 etiam
1069 1617 1124 1680 dlrr

60 1736 234 1822 disputare
256 1734 332 1799 mibi
351 1734 480 1801 uideor.
517 1734 628 1801 Hodie
647 1737 731 1800 enim
748 1737 835 1800 inter
850 1755 964 1800 omnes
978 1741 1126 1819 constat,

59 1857 175 1923 eodem
198 1860 272 1922 iure
294 1857 397 1922 luisse
419 1862 453 1922 et
475 1858 529 1942 qul
552 1859 731 1923 lat-ttantts
753 1861 787 1922 ct
810 1859 864 1942 epoti
886 1858 1040 1923 absentis
1062 1856 1124 1922 de-

59 1981 178 2044 bitoris
202 1981 307 2063 bona,
339 1983 375 2043 ut
405 1977 608 2063 possideret,
643 1983 704 2043 aut
726 1980 914 2064 postularet
935 1986 995 2043 aut
1018 1981 1125 2064 impe-

60 2105 207 2188 trasset,
243 2098 382 2165 eandem
419 2101 483 2164 uim
525 2101 769 2184 possessionis,
805 2101 919 2165 eadem
957 2104 1124 2186 tempora,

60 2221 200 2287 eundem
238 2226 304 2285 tam
341 2222 597 2307 proscriptionis
629 2239 726 2305 quam
763 2221 964 2287 uenditionis
1000 2223 1123 2287 exitum

60 2348 159 2429 atque
189 2342 361 2423 effectum,
394 2345 548 2427 exceptis
576 2342 801 2407 tantummodo
834 2342 1037 2428 quorundam
1059 2345 1124 2409 ab·

61 2467 202 2529 sentium
226 2466 376 2552 caussis,
410 2482 566 2549 quorum,
603 2465 821 2529 etiamsinon
844 2464 1124 2548 defenderentur,

63 2586 144 2650 bona
169 2584 335 2670 possideri
357 2586 463 2649 solum
484 2589 585 2670 utque
607 2584 767 2652 custodiri
790 2586 917 2665 liceret,
942 2584 1040 2651 uendi
1056 2605 1123 2649 non

63 2708 195 2788 liceret,
220 2706 323 2771 ueluti
347 2708 543 2790 pupillorum
566 2709 601 2771 et
623 2709 677 2792 qui
693 2708 897 2793 reipublicae
911 2726 1032 2773 caussa
1050 2709 1123 2770 sine

65 2827 137 2895 dolo
161 2829 250 2893 malo
273 2829 411 2911 absunt,
434 2829 545 2912 etqui
567 2828 610 2895 ab
632 2827 784 2894 hostibus
807 2831 897 2914 capti
920 2821 1052 2905 sunt¹⁹b

63 3146 140 3196 babes
167 3158 250 3210 supra
275 3159 302 3209 ρ.
327 3146 354 3196 b.
381 3150 438 3196 not.
456 3144 495 3201 b.)
532 3144 561 3193 L.

62 3235 85 3282 i.
107 3232 158 3297 55.
185 3235 212 3283 1.
238 3234 265 3284 2.
284 3234 311 3284 b.
349 3233 429 3296 Quib.
450 3246 481 3284 ex
500 3246 562 3283 cau.

63 3323 86 3372 iu
103 3338 148 3387 po.
168 3337 197 3372 a.

93 3412 138 3469 18)
166 3411 305 3461 Zimmeru
333 3410 351 3458 Ι.
387 3409 407 3460 Ι.
441 3423 467 3473 ρ.
499 3410 561 3460 ibi.

62 3498 135 3549 Cous.
156 3499 190 3549 L.
203 3499 230 3548 ¹1.
250 3495 280 3560 8.
295 3498 337 3547 17.
358 3499 439 3560 Quib.
454 3511 484 3548 cr
500 3512 562 3547 cau.

63 3588 86 3636 in
105 3602 149 3651 ρο.
170 3600 197 3636 e.
223 3586 254 3635 Ι..
276 3586 318 3636 18.
345 3587 375 3636 Ι..
397 3588 439 3638 19.
476 3587 516 3636 Iis
535 3587 563 3636 iu

63 3676 256 3726 insuccando.
292 3674 351 3725 Gai.
371 3675 420 3732 111,
438 3676 482 3724 78.

93 3764 135 3827 19)
157 3764 231 3814 1..s.
251 3760 382 3826 §Mi-
401 3763 470 3814 L·5.
491 3760 561 3825 Μ.

64 3852 137 3913 Qnib.
164 3866 197 3902 es
221 3866 281 3903 cau.
308 3853 336 3901 iu
355 3866 400 3916 ρο.
420 3865 445 3901 c.
483 3853 513 3902 L.
534 3852 561 3903 a.

64 3936 89 3999 §-
102 3944 126 3990 1.
158 3942 192 3991 1..
208 3941 252 3991 33.
265 3955 306 4004 pr.
326 3942 367 3991 De
387 3941 444 3990 reb.
458 3946 561 3990 auctor.

66 4031 215 4093 iud.po.-
237 4028 471 4079 ventilasti.
491 4030 561 4078 5.b.

620 3145 713 3209 Neque
738 3143 889 3206 infitiabor,
925 3145 987 3195 aliis
1014 3158 1123 3209 qaoque

620 3235 654 3284 da
672 3235 775 3283 caussis
797 3248 994 3298 saepenumero
1015 3236 1123 3283 Praeto-

620 3335 664 3372 res
682 3311 770 3372 lenius
785 3323 942 3373 absentibus
956 3337 1037 3387 quam
1052 3322 1123 3372 irau-

619 3411 736 3462 datiouis
763 3425 858 3461 caussa
887 3412 1054 3462 latitantibus
1081 3414 1123 3462 ius

620 3499 738 3559 dixisse,
771 3501 936 3563 ueniamque
966 3501 1123 3550 mandando·

619 3602 679 3638 rum
712 3589 843 3638 bonorum
871 3593 918 3637 aut
947 3589 1122 3647 dilationem,

619 3678 754 3741 aequitate
784 3682 961 3738 suggerente,
993 3677 1121 3733 dedisse:

620 3766 768 3829 quinetiam
787 3764 910 3813 Edictum
924 3765 1060 3814 inferioris
1079 3778 1122 3813 aa·

619 3855 680 3902 tatis
704 3853 844 3903 subtiliora
871 3854 987 3916 quadam
1016 3855 1123 3904 rationo

619 3942 709 3991 aerias
747 3944 852 4005 specics
889 3943 1051 3993 distinxisse.
1089 3968 1121 3979 -

619 4029 697 4080 Cani.
718 4030 747 4077 Ι..
766 4031 794 4079 7.
826 4027 875 4091 ἥδ.
896 4031 939 4081 m.
961 4030 1003 4080 17.
1039 4030 1121 4093 Quib.

65 4118 137 4169 Cous.
166 4119 229 4168 Tab·
250 4118 358 4169 iterari.
379 4116 409 4166 P.
431 4117 464 4166 ΙΙ.
482 4132 507 4166 v.
528 4118 558 4167 bl
618 4132 649 4168 ex
668 4132 728 4168 cau.
750 4120 776 4168 in
800 4132 843 4181 po.
868 4132 894 4168 a.
925 4145 953 4156 -
992 4120 1123 4168 Zimmera

65 4208 137 4258 —bd
165 4208 375 4271 apudlle'rlrsen.
399 4220 425 4267 ρ.
449 4207 508 4255 115.
529 4229 559 4242 -
618 4206 636 4256 Ι.
657 4221 681 4255 ο.
713 4204 741 4267 ss.
762 4207 806 4256 77.
839 4221 865 4269 ρ.
884 4207 945 4256 ato.
979 4203 1008 4267 6.
1028 4207 1072 4256 85.
1094 4222 1120 4268 ρ.
