3114 5046
241 364 279 441 ς.
300 354 340 424 li.
376 350 558 451 Defensio
575 357 616 449 in
631 362 764 453 parier
780 355 953 454 iocosque
970 352 1128 455 dipeeia.
1181 375 1242 437 ali
1321 324 1324 329 ἱ

180 532 232 598 M.
243 531 342 598 'lullil
356 534 632 599 existimationem
649 533 864 600 uehementer
876 539 909 598 et
925 536 1072 619 improbe
1089 536 1244 620 laesisse3
1269 557 1374 653 m:
1426 629 1431 635 Ι

180 648 268 722 nunc
296 656 358 720 sibi
388 673 429 720 ac
452 660 593 739 patrono
615 674 677 719 ouo
700 656 862 740 imputare
884 655 1014 721 dobere.
1029 657 1185 743 Fabium,
1215 660 1244 722 oi
1373 643 1376 649 ¹

179 779 213 840 in
236 776 300 843 linc
321 794 462 842 caussae
484 779 616 842 actione
639 779 779 843 irruicem
802 777 909 842 dolori
939 778 988 844 M.
1010 777 1110 842 Tullii
1132 781 1244 863 potius

179 902 214 964 et
234 899 370 963 ueritati
394 916 490 982 quam
512 898 621 963 lamae
642 917 723 962 suaa
745 901 948 964 consulatur.
1213 966 1217 975 .

240 1019 356 1085 'l'crlio
379 1016 420 1093 (§.
434 1018 480 1091 6.)
503 1022 587 1104 peili
610 1039 630 1083 a
653 1018 827 1108 Quinctio,
850 1040 911 1108 ne,
934 1025 970 1086 ut
991 1026 1092 1086 antea
1114 1022 1244 1104 fecerit,

177 1141 320 1207 dicendo
343 1141 429 1206 diem
451 1137 651 1211 absumnt²l

240 1262 325 1328 Post
347 1261 428 1327 illud
452 1261 623 1327 exordium
647 1266 761 1327 orator
783 1263 881 1346 quale
903 1267 947 1328 sit
962 1262 1132 1346 iudicium,
1154 1263 1243 1349 quoii

175 1383 340 1453 Metellus
369 1384 512 1449 Praetor
540 1383 741 1466 reddiderit,
772 1402 790 1447 e
814 1384 954 1449 formula
976 1387 1096 1451 recitat
1119 1383 1161 1460 (§.
1181 1384 1242 1467 7.),

175 1522 216 1571 ac
246 1479 346 1569 simul
370 1523 572 1572 communem
602 1507 679 1569 eina¹
699 1505 810 1569 ludicii
840 1508 1002 1570 rationem
1025 1524 1066 1572 ac
1088 1525 1243 1587 caussas,

175 1629 316 1711 propter
338 1644 422 1711 quas
442 1628 568 1711 aliquot
589 1625 710 1692 abhinc
732 1629 829 1691 annis
855 1646 876 1691 a
899 1627 949 1691 Μ.
971 1628 1110 1693 Lurcullo
1134 1628 1243 1694 Prae-

176 1751 250 1812 tore
282 1749 419 1831 primum
448 1749 493 1812 ait
522 1751 739 1830 compositum
766 1753 800 1814 et
829 1747 950 1814 Edicto
981 1750 1241 1838 promulgatum,
1339 1786 1344 1793 ·

175 1871 316 1953 exponit
339 1865 561 1944 (§§.8—12.).
1340 1842 1343 1849 ’

238 1985 402 2076 Sequitur
423 1994 572 2056 narratio
595 1989 654 2067 (ii.
678 1989 846 2072 iii-aa),
877 1994 909 2055 ln
933 1992 996 2058 line
1019 2011 1149 2077 manca,
1173 1997 1240 2057 tum

174 2113 330 2196 partitio,
351 2131 447 2196 quam
470 2118 607 2196 praeter
629 2131 736 2198 pauca
759 2130 864 2196 eaque
887 2115 1016 2179 incerta
1039 2116 1240 2202 fragmenta,

175 2252 196 2299 a
218 2232 453 2301 Grammaticis
475 2232 615 2314 tradita,
638 2237 741 2313 totam
764 2236 939 2299 amisimus.

237 2354 323 2420 Post
343 2374 414 2420 eam
430 2356 581 2422 lacunam
597 2358 631 2419 ln
647 2355 927 2422 confirmationem
944 2345 1131 2439 incidimus,
1154 2376 1241 2443 quae
1321 2424 1324 2429 ,

173 2479 221 2541 ita
242 2477 372 2563 reliqua
392 2480 520 2563 septem
543 2479 624 2563 folia
638 2476 858 2542 'laurinensia
879 2478 993 2557 implet
1016 2470 1114 2558 (nam
1133 2499 1241 2565 neque

173 2597 259 2664 haec
284 2617 355 2664 eam
378 2603 505 2683 partem
530 2596 715 2679 excedunt,
748 2603 783 2662 et
804 2599 1027 2663 Ambrosiana
1049 2598 1134 2664 adeo
1156 2602 1242 2667 citra

172 2739 245 2785 eam
268 2711 466 2802 deliciunt),
487 2722 525 2785 ut
547 2720 590 2785 ab
612 2721 705 2785 initio
729 2724 763 2785 ct
785 2721 820 2783 in
844 2719 909 2785 fine
935 2739 1051 2786 manca
1072 2740 1113 2786 ac
1134 2723 1242 2786 tribua

172 2845 350 2927 praeterea
383 2842 573 2908 deiectione
605 2834 789 2922 (incertum
820 2847 899 2925 quoi
929 2833 1107 2923 loliorum)
1130 2842 1239 2909 hiulca

205 3034 235 3096 2)
260 3036 301 3088 Da
330 3038 408 3090 uulua
434 3040 473 3091 rai
501 3051 574 3090 moro
593 3044 621 3087 et
640 3040 679 3088 iu·
737 3051 787 3101 pur
806 3037 930 3090 deficeret
943 3040 1000 3088 ilua
1012 3038 1045 3088 ed
1061 3037 1239 3099 perorandum

173 3129 266 3176 riiiuio
290 3125 409 3187 uiderit,
439 3140 508 3189 quea
529 3125 680 3179 Buccillus
736 3129 794 3178 uiue
818 3128 851 3177 ed
878 3127 1067 3184 iudicandum.
1098 3127 1163 3176 orac
1186 3138 1240 3177 em·

172 3215 205 3266 ad
233 3214 262 3265 li.
281 3212 312 3278 5.
332 3215 357 3266 6.
380 3217 545 3278 disputanti,
571 3222 597 3267 ei
621 3216 679 3265 loca
736 3214 1021 3278 pilandiceumiuli:
1041 3216 1239 3277 ampliationem

173 3302 205 3355 ali
216 3303 380 3363 catolicae,
395 3308 523 3366 imprimis
538 3317 585 3366 pro
596 3304 678 3367 Quin·
735 3311 825 3355 eutem
844 3313 953 3367 propior
972 3306 1054 3364 iprum
1075 3306 1145 3354 illurn
1160 3309 1239 3356 reilo·

170 3397 224 3451 ¹uilo
245 3391 272 3442 9.
293 3392 676 3451 io.,ium(;eiiiixvi1.a.
736 3407 795 3443 nem
823 3406 927 3454 semper
955 3405 1024 3443 noue
1051 3406 1136 3455 aeque
1162 3395 1239 3455 plene

172 3481 253 3532 niodo
271 3494 410 3532 remouens
423 3494 444 3531 c.
461 3480 506 3530 ilii.
517 3495 568 3543 ‚pro
582 3481 678 3531 Cluan-
735 3494 844 3533 canarno
862 3484 931 3531 rciio
946 3486 1095 3531 necessario
1110 3483 1240 3545 aequabe-

172 3572 223 3630 iio,
252 3569 376 3620 inomni
396 3581 427 3620 ei
445 3576 554 3623 materie
573 3570 677 3622 alieuiu-
734 3578 787 3621 tur.
831 3570 897 3621 lilud
921 3570 1157 3622 extraordinarium
1181 3574 1241 3635 qul·

172 3660 279 3710 ulmum.
292 3682 326 3693 -
344 3657 420 3709 Comi.
440 3659 507 3710 liain
524 3661 559 3710 li.
577 3660 621 3710 Pr.
641 3660 674 3709 ii.
734 3661 795 3712 dem
807 3659 856 3709 lira
869 3659 1100 3720 Ciceronis-aetate
1115 3660 1173 3720 iuli,
1191 3661 1238 3714 aad

173 3746 276 3807 pilii.
303 3745 675 3812 Gula.Cr.1>roc.p.ri7.
734 3751 792 3799 lure
816 3730 906 3798 lernou
930 3748 987 3798 fieri
1016 3750 1117 3809 potuit,
1146 3753 1175 3797 ui
1200 3747 1239 3797 dl·

175 3834 277 3886 li’oiiar
295 3836 330 3887 ii.
348 3837 384 3886 ii.
398 3836 430 3887 G.
451 3835 481 3900 §-
495 3837 558 3888 695.
581 3863 612 3876 -
632 3838 678 3889 Sic
734 3837 811 3888 cendi
833 3843 937 3897 tempus
956 3847 970 3885 ι
986 3818 1111 3887 Praeiore
1129 3838 1239 3896 praeuil-

173 3922 206 3976 ia
224 3936 257 3975 ea
276 3937 305 3976 ra
323 3927 462 3978 eulaiimo:
491 3926 676 3979 Ameloribur
732 3923 1238 3982 tueretur.saddehisearebuaomul·

171 4011 298 4064 traditum
316 4020 386 4073 arri,
408 4021 437 4065 ui
455 4003 509 4065 uuo
527 4015 570 4068 dle
584 4028 675 4067 cauria
733 4013 793 4075 hoa,
805 4013 884 4065 uulda
897 4016 1071 4072 caeteroquin
1085 4018 1237 4064 controuer-

172 4103 278 4165 turegi,
298 4101 324 4153 ir.
339 4116 364 4155 c.
386 4109 438 4154 iem
458 4108 526 4156 orari
544 4117 623 4168 quam
637 4107 676 4154 iu·
734 4106 780 4164 riu,
804 4115 858 4153 uon
878 4102 957 4154 uului
976 4098 1027 4152 ioci
1047 4108 1087 4154 cri
1105 4104 1236 4164 copiosius

172 4189 271 4252 uari,
293 4198 437 4255 oporteret.
468 4193 598 4259 laquaci
612 4198 678 4246 tcm-
734 4192 876 4246 dirrarere.
