3114 5046
265 358 306 436 5.
332 346 368 420 1.
420 343 564 421 ludicii
589 348 696 447 oripo
721 352 759 419 ct
783 353 939 419 nutare
1094 343 1132 405 15

66 537 139 603 elus
166 541 283 622 parte,
318 536 423 601 ueluti
451 533 598 622 dimidia,
631 533 750 621 tertia,
777 532 926 620 liniatur3
953 531 1075 599 deinde
1095 538 1133 600 ut
1150 527 1299 638 ,fflf'

66 675 175 743 neque
212 657 366 742 poenalis
397 654 556 723 eiusmodi
588 654 744 741 sponsio,
758 659 763 670 '
778 671 887 740 neque
920 656 988 720 alia
1022 673 1133 740 poena

66 783 193 845 temere
214 779 418 867 litigantium
439 774 548 854 (cuius
567 779 706 866 generis
725 776 784 842 illu
808 793 940 861 quoquc
969 772 1036 851 cat)
1064 778 1134 843 ulla

67 901 270 980 inueniatur,
285 900 365 984 quin
376 916 450 964 cum
460 898 552 964 finali
563 898 667 964 totius
677 897 747 963 litis
757 898 850 963 exitu
861 890 1134 986 coniungatur¹⁹).

67 1021 150 1089 Nam
170 1024 316 1107 propter
336 1019 506 1088 decretum
528 1018 733 1086 ordinandae
753 1019 823 1086 litis
843 1020 956 1108 gratia
977 1021 1133 1106 interpo-

67 1145 165 1208 situm
186 1146 248 1207 aut
268 1146 409 1228 propter
429 1138 665 1227 praeiudicium
687 1139 814 1208 decreti
836 1142 1134 1226 praeparatorium,

55 1283 163 1330 rrnenro
184 1282 270 1329 sane
289 1263 428 1352 legerit,
453 1280 647 1348 quemquam
674 1264 734 1326 aut
758 1259 851 1346 dupli
879 1260 1133 1329 condemnatum

68 1388 121 1451 aut
136 1385 324 1474 ignominia
336 1386 504 1466 notatum,
518 1385 579 1449 aut
591 1385 711 1451 conon
724 1382 908 1450 edumnlae
920 1385 1133 1453 contrarioue

69 1506 189 1574 iudicio
212 1507 352 1590 petitum
380 1505 494 1571 inisse.
1219 1513 1221 1516 ’

128 1625 302 1710 Quocirca
332 1625 421 1692 hand
452 1631 578 1693 temere
610 1623 689 1691 mihi
717 1623 835 1691 uideor
855 1627 889 1690 ln
910 1626 1132 1711 suspicionem

71 1749 208 1833 adduci,
230 1751 356 1816 certam
368 1747 500 1834 quidem
513 1748 698 1814 obtinuisse
715 1748 904 1832 poenalium
916 1742 1132 1833 sponsionum

71 1873 249 1953 rationem,
281 1869 423 1957 linitum,
452 1870 570 1955 quibus
595 1866 941 1948 accommodarentur,
966 1869 1132 1936 actionum

72 2011 258 2073 numerum,
278 1993 492 2058 constitutam
514 1988 657 2076 denique
677 1990 744 2055 illis
764 1992 930 2056 actionum
951 1991 1133 2079 generibus

72 2132 160 2179 suam
182 2115 305 2198 cuique
325 2113 394 2178 litis
415 2115 558 2198 partem,
587 2129 654 2197 qua
676 2108 874 2196 spondendo
895 2129 974 2176 rcus
994 2112 1133 2196 pericli-
1261 2136 1280 2186 ι,

72 2239 216 2315 taretur3
237 2234 321 2301 haec
343 2237 452 2300 nmen
474 2235 583 2299 omnia
603 2232 736 2298 nonnisi
750 2231 822 2298 eins
836 2232 994 2316 puniendi
1012 2250 1133 2300 mussa

72 2359 266 2444 comparata
286 2355 405 2431 fuisse,
426 2358 481 2440 qui
503 2354 592 2420 finali
613 2352 732 2420 iudicis
751 2355 921 2419 sententia
941 2352 984 2419 de
1004 2354 1133 2440 reipsa

72 2479 165 2543 simul
180 2475 475 2543 condemnaretur:
496 2480 616 2543 contra
630 2492 713 2542 uero
729 2495 825 2543 omne
839 2478 903 2544 lroc
917 2479 1132 2564 sponsionum

72 2599 261 2684 poenalium
288 2616 398 2684 genus
423 2615 563 2682 prorsus
595 2598 736 2664 alienum
769 2598 875 2665 inisse
904 2601 1047 2665 suarim
1067 2601 1134 2666 illis

73 2719 414 2806 frequentissimisque
429 2736 620 2786 caussarum
635 2719 767 2809 liguris,
792 2719 849 2785 ubi
861 2720 895 2784 ln
910 2719 997 2799 iure,
1017 2721 1072 2786 uel
1089 2720 1133 2788 ob

73 2842 226 2908 indicium
256 2838 473 2905 ordinandum
504 2842 560 2906 uel
584 2840 628 2905 ob
654 2841 750 2906 allam
784 2858 1019 2927 quamcumque
1046 2860 1133 2922 rem,

75 2982 155 3049 qaae
167 2960 212 3027 ad
228 2959 487 3028 iurisdictionem
499 2964 682 3046 pertineret
704 2967 739 3028 et
756 2962 807 3027 lus
823 2961 946 3029 dicenti
961 2980 1134 3050 emergere

76 3088 204 3168 posset,
233 3086 414 3169 sponsione
443 3103 528 3169 opus
555 3101 631 3149 esse
658 3081 1021 3168 uideretur31mmoin
1042 3083 1134 3151 hisce

77 3206 225 3271 omnibus
242 3204 436 3271 Praetorem
451 3203 677 3291 praeiudiciali
693 3206 805 3289 potius
818 3206 1015 3290 sponsione,
1038 3224 1134 3292 quam

77 3346 132 3411 pro
147 3327 292 3394 arbitrio
305 3326 376 3392 lieri
390 3326 555 3412 iussisset,
567 3344 636 3392 rem
652 3327 843 3414 transigere
857 3328 988 3394 sodium
1000 3323 1135 3403 csse²⁰).

110 3661 155 3716 lai
173 3658 254 3711 Conl.
273 3657 335 3711 Gaii
347 3658 454 3711 Comm-
469 3658 513 3710 lv.
527 3655 576 3723 ssss·
634 3660 728 3724 risque
742 3660 942 3721 iurisdictione,
962 3675 1044 3725 quarn
1058 3667 1088 3712 ui
1105 3663 1134 3714 lu

82 3747 243 3798 iri-182.
634 3750 797 3799 contrariam
808 3755 910 3811 partem
921 3749 1012 3799 ualere
1022 3752 1134 3813 possint:

111 3835 155 3895 aa)
172 3835 577 3901 Quaeiuvarrsmill‚5'i.seqq.
635 3837 754 3889 lleraclii
767 3850 833 3887 uero
846 3836 1014 3901 Centuripini
1028 3852 1134 3901 caussa,

86 3929 109 3971 ei
128 3924 164 3985 V,
190 3924 235 3973 54.
255 3931 400 3975 narrantur
424 3927 579 3988 poenalium
637 3925 736 3975 ibidem
751 3926 786 3986 ll,
800 3925 843 3974 ai.
858 3925 952 3986 relata,
966 3928 1047 3977 eliam
1060 3929 1135 3978 omni

88 4014 256 4071 sponsionum
268 4014 391 4076 exempla
404 4012 503 4077 (Verba
517 4015 581 4066 uida
637 4027 684 4064 aaa
702 4020 798 4065 natura
811 4019 838 4064 ei
850 4014 942 4065 hahilu
956 4016 1083 4067 incertior
1097 4021 1136 4067 ai·

93 4097 186 4149 minu.
197 4098 226 4162 §-
237 4098 367 4165 noi.³5.),
378 4103 522 4154 remotiora
531 4104 580 4154 mi·
636 4115 689 4167 que
706 4103 857 4154 obscurior.

95 4184 119 4233 ld
130 4188 251 4239 uidentur
268 4203 285 4240 a
303 4191 362 4242 iura
378 4191 454 4242 ciuili
472 4192 580 4244 ordina·
