3114 5046
430 338 468 412 s.
493 327 532 396 6.
593 322 654 397 Dc
679 328 764 400 isare
789 328 966 400 ciuitatis.

174 527 324 589 statuere
352 522 470 605 liccat,
507 525 662 589 consulto
690 518 893 590 sseerostcm
921 542 961 590 ac
989 542 1145 589 summam
1176 542 1240 611 per
1258 532 1407 641 mm

1107 326 1238 390 ,405

175 644 369 709 calumniam
401 645 566 711 celanisse
599 647 695 710 istam
722 647 787 710 uim
818 645 1084 731 sententiamque
1115 643 1240 712 deien-

174 766 295 851 sionis‚
331 768 366 831 et
394 768 482 831 omni
509 771 607 859 parte
635 766 801 832 diuersam
828 771 1100 853 recuperatorum
1123 768 1240 833 animis

175 887 350 953 obiecisse.

235 1044 334 1129 Quae
363 1065 460 1132 quum
489 1048 537 1112 ita
564 1048 651 1128 sint,
688 1046 769 1112 nihii
804 1065 877 1112 mea
909 1047 1040 1134 quidem
1071 1049 1241 1114 sententia
1259 1054 1393 1152 *mg-u

174 1173 245 1254 est,
267 1186 334 1253 quo
357 1167 444 1234 hanc
465 1170 614 1234 ciuitatis
635 1170 862 1254 quaestionem
885 1170 919 1233 in
941 1164 1116 1235 Caecinae
1137 1188 1240 1236 caus
1287 1167 1346 1207 *ω’

173 1308 212 1355 ss
232 1288 420 1355 referamus
442 1293 675 1375 praeterquam
697 1295 753 1356 tus
768 1290 986 1358 hereditatis.
1028 1290 1104 1357 Hoc
1118 1296 1241 1376 antem,

173 1426 284 1496 neque
309 1410 407 1475 sliam
434 1428 503 1475 rem
536 1410 655 1492 uitam,
690 1413 792 1476 menti
825 1413 970 1476 oratoris
999 1413 1033 1476 in
1065 1430 1106 1477 ea
1143 1416 1240 1497 parte

174 1530 384 1597 detensionis
405 1532 615 1598 obuersatam
639 1549 731 1612 esse,
753 1533 833 1597 iilud
857 1552 952 1618 quam
972 1534 1111 1599 maxime
1133 1552 1240 1623 argu-

172 1657 287 1718 mento
309 1656 380 1739 eat,
416 1653 503 1739 quod
525 1652 666 1718 inferius
694 1655 825 1739 iniecit,
864 1649 1074 1743 Caecinam,
1111 1657 1241 1719 etiamsi

173 1776 345 1840 ciuitatem
374 1776 451 1861 lege
484 1772 610 1842 statae
637 1776 824 1861 amisisset,
861 1776 996 1840 uincere
1030 1774 1241 1840 nihilominus

174 1895 237 1962 hoc
259 1894 384 1961 iudicio
405 1895 529 1961 debere
552 1903 748 1981 propterca,
777 1894 863 1980 quod
887 1897 992 1980 ipsius
1013 1896 1101 1983 legis
1122 1898 1240 1961 tenore

175 2021 287 2083 umen
309 1986 352 2082 eo
373 2018 444 2083 iure
467 2020 659 2103 mansisset,
680 2022 722 2082 ut
743 2037 767 2082 o
788 2016 921 2083 circitor
943 2015 1114 2083 Romam
1136 2015 1240 2082 isere-

175 2139 309 2205 ‹iitutea
337 2156 463 2225 cupere
492 2145 610 2222 posset
624 2131 660 2218 ⁸).
710 2135 809 2219 Quod
839 2139 867 2202 ai
896 2140 1089 2222 sponsionis
1111 2156 1241 2224 propo-

206 2399 236 2465 8)
254 2412 280 2452 c.
300 2399 346 2451 35.
379 2399 468 2452 «Nam
484 2400 518 2451 ad
535 2401 604 2450 hane
620 2400 680 2462 qui-

177 2489 259 2541 siem
279 2500 401 2540 numm
427 2488 494 2539 nihii
521 2488 572 2539 hoc
599 2489 680 2548 nemi·

177 2580 304 2638 «umas,
319 2612 327 2628 .
342 2610 350 2626 .
365 2611 373 2626 .
399 2589 429 2628 er
448 2590 481 2629 ao
498 2577 609 2640 intelligi
622 2580 680 2638 uot-

177 2673 258 2720 «αι.
274 2698 283 2714 .
299 2698 326 2725 .,
363 2665 437 2728 quod
459 2665 532 2716 Sutia
558 2668 614 2727 ipse
642 2667 679 2715 ita

177 2753 259 2806 «tuiis
271 2753 306 2806 ds
320 2755 449 2813 ciuitate,
469 2759 500 2805 ut
517 2766 570 2803 non
589 2760 680 2803 sustu-

177 2843 261 2894 aierit
278 2842 375 2892 horum
394 2856 459 2895 nexa
475 2848 556 2904 atque
575 2842 680 2893 heredi-

176 2936 274 2983 ·tates.
313 2930 393 2981 lubet
414 2934 486 2982 enim
506 2931 600 2982 eodem
622 2935 679 2983 iuro

176 3032 256 3072 sassa
278 3032 334 3083 quo
352 3018 453 3070 tuerint
477 3021 677 3071 Ariminenses:

175 3122 265 3174 «quoa
277 3110 341 3171 quis
353 3110 456 3172 ignorat
476 3109 619 3160 duodecim
637 3121 680 3158 co·

176 3198 335 3249 sio-tarum
366 3196 447 3249 tuisse
477 3205 504 3249 st
532 3210 547 3247 a
577 3197 680 3248 ciuibus

176 3289 328 3338 altomonte
346 3287 508 3338 hereditates
527 3298 622 3348 capere
635 3298 682 3347 po·

176 3380 281 3428 etnim
290 3377 323 3426 t»
332 3396 365 3410 -
378 3375 418 3426 lte
426 3374 591 3426 celeberrimi
602 3375 682 3424 huius

177 3465 224 3517 ioci
235 3471 293 3517 tam
312 3464 428 3516 lectione
446 3460 519 3526 (xii.
534 3476 567 3512 au
582 3463 681 3512 xiix?

177 3554 355 3604 ammes
380 3565 414 3603 au
436 3553 644 3602 interamnenses
654 3549 682 3613 i)

179 3654 256 3705 quan
281 3640 435 3702 intellectu,
465 3643 621 3703 praesertim
648 3639 680 3692 de

182 3731 288 3781 coloniis
305 3729 373 3790 iilis,
400 3731 680 3793 caementarium,

186 3828 265 3882 ruusr
283 3819 519 3881 discentauerunt:
557 3817 682 3866 Sooioios

189 3900 219 3964 (iu
228 3907 353 3958 zeitschr.
365 3909 387 3972 s.
399 3908 485 3972 ossen.
498 3905 532 3956 ii.
550 3906 590 3954 W.
603 3906 680 3955 Tom.

193 3990 217 4039 i·
229 4009 256 4056 u.
273 3994 337 4045 2³6.
350 4008 429 4058 seqq.
449 4001 477 4047 st
494 3992 571 4045 Tom.
589 3994 637 4043 iX.
652 4007 680 4056 p.

197 4075 242 4131 iis.
254 4080 340 4146 sen),
359 4083 514 4146 Mescinius
529 4079 566 4147 (in
580 4082 679 4145 Ouusc.

200 4171 257 4221 aui.
279 4185 305 4234 p.
323 4171 385 4224 Μ.
403 4170 515 4236 καφ),
548 4171 681 4224 Wuttsros

736 2396 780 2462 (G.
795 2397 822 2446 ci.
836 2397 871 2447 ii.
885 2397 918 2446 it.
935 2410 963 2461 p.
978 2395 1072 2461 stiffi),
1103 2398 1241 2460 lunatas

736 2480 836 2548 (istro.
855 2485 874 2536 i.
886 2489 956 2538 wisa.
970 2486 1039 2537 Krit.
1053 2484 1132 2536 1834.
1146 2486 1180 2538 N.
1193 2485 1239 2536 to.

737 2588 764 2636 p.
775 2571 860 2639 319.),
871 2572 1019 2625 floremus
1029 2572 1066 2638 (in
1076 2574 1169 2625 Seruio
1182 2575 1242 2624 Tast-

737 2664 773 2714 iio
785 2678 812 2726 u.
826 2664 887 2724 572,
902 2660 989 2726 sen),
1005 2663 1107 2714 Pascite
1122 2659 1161 2726 (iu
1174 2664 1240 2714 inst.

737 2752 764 2801 d.
778 2754 811 2802 li.
825 2754 857 2802 ii.
872 2752 979 2804 Tomi.
989 2749 1195 2815 mitti-sequi·
1208 2777 1238 2789 -

737 2842 856 2903 Quorum
885 2841 994 2904 quidem
1027 2840 1240 2891 doctissimorum

736 2934 857 2980 uirorum
873 2932 1079 2980 controuersiam
1091 2940 1179 2992 neque
1194 2929 1241 2979 iia·

737 3019 787 3070 heo
802 3019 874 3069 unde
888 3019 1050 3077 diiudicem,
1061 3029 1151 3080 neque
1161 3018 1240 3069 huius

736 3108 787 3158 loci
823 3114 862 3158 est
895 3109 1044 3156 accuratius
1077 3109 1238 3158 examinare.

739 3195 807 3245 liiud
825 3195 928 3253 dicam,
948 3201 1009 3257 apte
1026 3195 1116 3246 denuo
1133 3193 1241 3246 satutari

739 3297 754 3335 a
776 3284 916 3348 Meduinio
937 3284 1055 3333 Munatii
1083 3284 1241 3336 senteutiam

739 3387 754 3425 a
778 3373 897 3422 Woltero
918 3374 1105 3430 instauratam,
1137 3373 1183 3434 qul
1207 3371 1241 3423 da

738 3462 776 3513 M.
790 3462 860 3510 Liuii
872 3460 956 3509 Drusi
968 3463 1079 3512 coiouiis
1093 3461 1241 3510 Ciceronem

738 3552 852 3600 sensisse
863 3554 1041 3611 putauerunt3
1062 3549 1241 3601 Suoiniiuero

740 3641 935 3696 coniecturam,
963 3651 977 3688 e
1000 3637 1072 3687 ituit
1091 3641 1240 3689 narratione

739 3724 867 3790 (xxvii,
880 3725 908 3775 o.
922 3726 965 3774 to.
981 3731 1008 3775 et
1019 3724 1121 3785 xxix,
1132 3726 1176 3776 15.
1184 3723 1240 3790 3¹1.)

740 3819 866 3876 petitam,
885 3825 1024 3876 quaeunt
1043 3813 1152 3865 uidetur
1171 3827 1241 3866 com·

739 3902 816 3952 moda
828 3901 943 3964 quadani
955 3914 986 3952 ac
998 3901 1128 3963 probabili
1139 3907 1240 3955 ratione

739 3997 879 4049 constare,
902 3992 938 4042 ita
954 3991 1075 4054 pisceus,
1097 3997 1129 4043 ut
1145 3996 1191 4044 uix
1203 3998 1240 4044 ta·

738 4093 799 4132 men
810 4081 872 4130 satis
886 4080 1034 4132 existimem
1043 4080 1159 4133 ualidam
1170 4092 1238 4142 essa,

740 4183 792 4233 qua
808 4168 936 4222 codicum
950 4171 1070 4222 omnium
1085 4171 1238 4230 auctoritas,
