3114 5046
320 412 382 475 obi
503 387 599 492 Gap.
623 391 658 464 1.
709 388 767 464 Dc
793 391 983 464 nummata
1007 392 1183 464 iectionis

151 607 154 616 ·
187 593 304 632 mensum.
318 573 591 658 perseuerantia,
622 588 811 663 summaque
841 567 905 634 fido
927 585 968 635 ac
990 570 1173 659 reiigione3
1206 569 1328 635 deinde
1348 574 1379 633 ut

322 691 491 781 Peyrorrt,
522 694 583 757 uiri
606 691 834 779 iliustrissimi,
862 691 1012 755 eximiam
1037 693 1123 756 iiiam
1147 690 1380 757 humanitatem

318 816 589 900 comitatemque,
619 832 683 898 quo
706 830 756 877 me
776 812 810 875 in
832 810 990 877 secundis
1012 811 1107 879 hisce
1128 815 1221 879 curis
1243 813 1380 901 agendis

319 935 478 1000 adiuuare
493 933 653 1025 dignatus
668 938 731 1020 est,
749 934 803 1019 pio
819 937 986 1020 gratoque
1000 937 1110 999 animo
1125 953 1380 1001 commemorem.

319 1055 443 1141 Utique
465 1059 493 1121 si
517 1057 594 1121 noui
617 1056 942 1141 quantulumcunque
963 1054 1040 1119 mihi
1055 1056 1201 1143 contigit
1222 1058 1263 1120 ut
1278 1057 1379 1120 exiri-

199 1190 204 1197 ·
319 1195 445 1260 carem,
468 1178 522 1242 uei
544 1176 609 1242 hoc
627 1178 755 1241 iliorum
772 1178 911 1240 maxime
925 1173 1016 1240 iaudi
1030 1178 1239 1261 contribuet,
1263 1178 1379 1262 quippe

319 1299 374 1384 qui
397 1302 443 1364 ita
465 1302 601 1365 caetera
615 1300 783 1378 rexerint,
805 1299 1055 1385 constituerint,
1078 1280 1325 1382 ordinauerint,
1346 1303 1378 1361 ut

263 1477 266 1484 .
319 1423 396 1502 post
426 1438 538 1484 eorum
573 1436 709 1483 messem
743 1419 797 1504 qui
828 1416 872 1484 ad
900 1420 1013 1503 spicas
1041 1418 1205 1507 legendas
1236 1421 1378 1503 ueniret,

318 1558 445 1605 omnem
468 1556 602 1623 operam
624 1515 885 1625 industriamque
899 1541 933 1604 in
948 1544 1042 1606 certa
1056 1558 1163 1625 eaque
1180 1557 1290 1624 pauca
1304 1558 1377 1604 ora-

317 1661 419 1725 tionis
441 1662 531 1743 ioca,
554 1661 665 1725 soluto
687 1663 905 1748 caeteroquin
925 1663 1053 1744 animo,
1077 1666 1296 1746 conuertere,
1317 1661 1377 1725 ibi-

318 1800 382 1866 que
405 1800 477 1846 cum
501 1778 669 1848 oculorum
685 1786 789 1848 aciem
804 1785 873 1848 tum
889 1784 1008 1849 mentis
1023 1784 1264 1872 cogitationem
1280 1786 1376 1848 totam

317 1902 508 1986 impendere
531 1907 656 1988 posset.

380 2023 469 2091 iilud
497 2024 713 2090 uehementer
734 2023 811 2089 mihi
833 2023 1009 2090 dolendum
1031 2025 1112 2105 tuit,
1145 2024 1253 2111 quod,
1286 2045 1376 2111 quun

318 2149 395 2212 octo
417 2144 539 2212 abhinc
561 2147 658 2210 annis
672 2145 841 2212 Athenaei
856 2146 1073 2212 'taurinensis
1087 2146 1269 2212 thesauros
1285 2145 1377 2235 Pey-

316 2286 401 2333 rono
431 2266 517 2333 duce
545 2265 685 2351 adirem,
716 2272 858 2352 primum
881 2268 994 2359 foiiu'rp
1021 2286 1094 2333 curn
1119 2267 1263 2334 exordio
1286 2269 1377 2334 huius

198 2449 201 2454 .
317 2389 478 2453 orationis
499 2406 518 2453 e
540 2389 672 2453 seriniis
693 2389 827 2474 aberat,
850 2407 958 2473 neque
979 2408 999 2455 a
1016 2388 1205 2456 Praefectis
1219 2390 1378 2457 custodi-

316 2510 437 2592 busue‚
465 2511 565 2574 anxie
599 2512 888 2594 perscrutantibus
916 2514 1023 2576 omnia
1055 2514 1376 2597 excutientibusque,

317 2634 386 2695 tum
407 2631 655 2716 reperiebatur,
683 2635 720 2695 ut
744 2635 800 2696 uix
823 2631 1046 2714 dubitaretur,
1069 2635 1147 2718 quin
1170 2653 1192 2698 a
1213 2637 1377 2723 sacrilega

317 2754 457 2838 quadam
479 2773 577 2818 manu
599 2772 751 2817 auersum
774 2755 984 2839 ablatumque
1007 2760 1107 2820 esset.

381 2876 432 2939 lie
461 2875 588 2958 reiiquo
617 2876 835 2958 pretiosarum
869 2877 994 2941 iiiarum
1018 2878 1279 2942 membranarum
1301 2897 1376 2943 usus

315 3015 512 3060 summorum
541 2996 693 3059 Virorum
726 2996 901 3084 beneficio,
931 2998 1184 3064 Praefectorum
1207 3005 1276 3064 tam
1299 2999 1374 3065 Me·

314 3118 554 3183 dioiancnsium
577 3135 673 3201 quam
696 3116 965 3201 Taurinensium,
991 3138 1074 3204 quos
1096 3119 1236 3185 honoris
1260 3139 1374 3186 caussa

313 3210 542 3321 commemoro,
559 3241 789 3323 paratissimus
801 3240 876 3304 mihi
889 3241 960 3305 tuit.
974 3240 1235 3306 Medicamentis
1252 3242 1373 3309 cheni-

272 3353 273 3357 '
312 3363 361 3427 cis
384 3360 492 3426 denuo
515 3359 713 3425 adhibendis
735 3362 824 3425 nuiia
847 3361 1049 3427 offerebatur
1071 3366 1222 3445 occasio,
1246 3383 1373 3450 quuma

313 3483 425 3564 primis
446 3481 676 3545 incentoribus
697 3486 798 3546 antea
818 3485 865 3547 ita
879 3486 993 3548 essent
1007 3484 1135 3565 intusa,
1158 3491 1195 3548 ut
1209 3491 1269 3550 aut
1284 3489 1372 3552 saiu-

313 3603 395 3665 iaris
410 3601 549 3666 effectus
561 3603 735 3666 etiamdum
750 3602 896 3689 duraret,
911 3611 968 3669 aut
981 3624 1061 3689 spes
1073 3606 1267 3689 proficiendi
1281 3612 1371 3692 quic·

311 3741 407 3806 quam
430 3741 568 3807 prorsus
589 3724 680 3787 nulia
702 3726 955 3810 relinqueretur.
992 3727 1212 3793 Membranas
1233 3730 1370 3811 denique

311 3841 537 3908 'i'ourinenses
559 3847 665 3933 magis
687 3851 907 3912 conseruatas
927 3848 1126 3934 saluasque,
1148 3851 1368 3935 usqueadeo,

310 3967 394 4027 utin
416 3964 647 4030 Ambrosianis
670 3986 791 4054 magna
813 3986 855 4031 cx
879 3973 1168 4054 parteapparuit,
1193 3961 1377 4038 iurationi-¹

310 4085 371 4148 bus
394 4104 551 4152 corrosas
571 4088 693 4154 inueni.

373 4204 423 4270 [ie
445 4209 601 4273 uniuersa
622 4210 750 4276 iliarum
774 4213 1033 4279 membranarum
1054 4216 1174 4279 natura
1197 4220 1231 4280 et
1255 4216 1363 4295 torma,
