3114 5046
330 450 392 512 612
460 427 554 528 cop.
580 428 615 501 Ι.
663 376 728 501 Παι
747 429 832 501 iure
858 446 1019 499 causaue
1049 420 1269 498 Tullianae.

172 622 320 717 wiru-
393 608 647 694 Videndumque
676 609 834 693 imprimis
861 605 942 672 illud
970 611 1032 673 esi.
1073 605 1197 672 Parum
1225 605 1385 688 credibile,

329 731 450 797 nedum
478 735 605 798 certum
632 748 715 797 esse,
737 728 812 793 mihi
842 730 992 810 uidetur,
1020 728 1108 813 quod
1133 748 1195 813 pro
1218 728 1387 814 explorato

329 860 439 919 tamen
454 854 517 918 sliri
533 858 715 934 assumunt,
731 853 835 934 prima
849 852 1023 936 sequentis
1038 851 1109 914 solii
1125 850 1232 916 uerba
1247 842 1388 930 [·..mine

328 974 487 1040 eiusmodi
517 957 745 1039 semustilatus
765 963 927 1058 effugit·]
959 990 1031 1037 cum
1054 973 1220 1057 principio
1244 969 1319 1057 §phi
1343 968 1387 1033 til.

328 1088 580 1178 (adcerronius
607 1093 771 1180 quomodo
794 1095 902 1179 potuit
931 1084 1280 1175 sedetorare-...0
1309 1093 1387 1159 adeo

327 1214 441 1281 intime
470 1216 671 1302 cohaerere,
697 1218 735 1280 ut
762 1218 888 1280 initium
909 1214 990 1297 hoc,
1020 1217 1077 1280 illa
1099 1217 1225 1279 exitum
1249 1213 1386 1280 eiusdem

328 1340 376 1403 rei
405 1332 540 1425 gestae,
564 1337 721 1403 uidelicet
749 1337 935 1402 dissolutae
965 1339 1158 1422 emptionis,
1188 1338 1385 1402 contineant

328 1459 432 1525 Mitto
445 1477 586 1544 poscere
599 1460 752 1544 exempla
764 1458 920 1525 dictionis
933 1458 1213 1524 «semustilatum
1224 1458 1382 1544 effaqere·

329 1599 390 1665 pro
415 1577 640 1646 «ambustum
655 1583 823 1671 euadere,
846 1581 1040 1646 discedere·
1056 1576 1109 1652 ¹¹).
1149 1576 1223 1645 Sed
1245 1578 1309 1645 hoc
1329 1596 1383 1644 ne·

328 1685 445 1767 minem
468 1705 654 1788 praeterire
676 1702 794 1787 debet,
821 1704 924 1783 inira,
946 1699 972 1778 §.
993 1702 1054 1785 54„
1075 1702 1214 1769 Fabium
1228 1699 1382 1766 introduci

329 1826 540 1908 querentem,
567 1843 699 1889 seruum
722 1845 815 1890 suum
839 1844 905 1890 non
928 1842 1139 1908 comparere,
1167 1841 1280 1888 cusam
1302 1839 1381 1886 suan

327 1916 470 2010 a‘Tullii
492 1945 679 2011 hominibus
700 1949 868 2013 lucensem
891 1963 978 2011 esse.
1021 1943 1094 2025 Qua
1118 1943 1160 2008 de
1182 1963 1221 2009 re
1240 1945 1381 2010 uerbosa

328 2068 451 2132 iecisse
473 2067 600 2133 diserte
616 2065 736 2135 Cicero
759 2067 877 2133 ibidem
893 2060 1100 2151 pronunciat.
1128 2063 1271 2131 Ubinam
1286 2053 1381 2130 fecit?

329 2187 478 2272 equidem
502 2207 575 2253 cum
597 2188 771 2255 Huschkio
795 2207 928 2273 quaero.
964 2186 1029 2268 Qui
1051 2207 1148 2272 quum
1166 2185 1337 2271 admittat,
1356 2187 1380 2247 in

328 2308 391 2374 lrac
414 2310 561 2373 tortasse
584 2311 703 2375 lacuna
725 2308 799 2388 §otu
823 2308 869 2373 18.
891 2309 934 2374 de
949 2329 989 2374 aa
1009 2328 1047 2374 re
1060 2307 1381 2397 Ciceronemegisse,

328 2433 436 2519 magis
458 2434 569 2494 tamen
593 2435 688 2513 putet
711 2433 798 2496 inter
820 2429 865 2507 §§.
887 2431 939 2495 52.
958 2436 994 2496 et
1014 2429 1084 2513 53„
1105 2430 1273 2496 concedet
1296 2428 1381 2495 deni·

329 2571 410 2636 que,
433 2551 521 2617 haud
543 2552 689 2616 absurde
710 2554 852 2637 aliquem
873 2555 1117 2638 suspicaturum
1140 2570 1238 2634 esse,
1261 2551 1380 2635 saepius

329 2673 370 2736 de
403 2673 459 2736 illo
494 2674 586 2739 facto
617 2678 782 2738 oratorem
805 2673 949 2739 dixisse:
984 2673 1059 2737 milri
1083 2692 1164 2737 uero
1188 2678 1256 2737 irim
1279 2673 1378 2756 grauis

328 2795 460 2858 uidetur
482 2797 538 2858 illa
562 2814 642 2880 pars
664 2798 712 2860 rei
734 2804 854 2881 gestae
870 2797 989 2879 tuisse,
1012 2800 1064 2877 ut,
1087 2795 1277 2879 ubicunque
1294 2811 1378 2878 prae·

328 2924 421 2981 terea
449 2920 571 2981 mentio
599 2919 671 2982 eius
704 2923 888 2983 recurreret
905 2915 963 3000 ¹²),
995 2921 1103 2982 tamen
1127 2919 1161 2979 in
1184 2918 1377 2987 narratione,

361 3203 404 3264 tl)
437 3205 542 3255 Germ:
563 3208 611 3255 ruit
630 3208 716 3256 elnem
736 3205 831 3256 blaueu
889 3205 1045 3266 disceptatio
1058 3204 1214 3254 collocetur.
1240 3205 1375 3256 uincere

326 3294 400 3355 Auge
414 3295 499 3346 daron
511 3297 646 3345 hommem.
656 3319 685 3330 -
695 3294 752 3344 Noli
767 3296 831 3344 mihi
889 3295 1005 3356 quodam
1019 3293 1115 3344 ordina
1128 3294 1297 3356 progreditur
1309 3294 1375 3342 orado

325 3384 419 3432 oderre
440 3384 501 3433 Liu.
521 3382 613 3441 lixit,
634 3384 677 3432 40.
704 3383 765 3439 (ose
785 3397 831 3444 no·
887 3388 914 3432 lu
929 3382 1078 3433 refellendis
1094 3382 1242 3433 aduersarii
1256 3391 1374 3444 argorum·

327 3472 440 3531 soniare
467 3472 619 3520 incendium
654 3476 741 3533 priore
770 3484 830 3522 cou-
887 3476 983 3529 tis,eo
996 3470 1105 3521 tortasse
1120 3475 1200 3521 eiiam
1214 3473 1305 3533 magis,
1318 3462 1373 3531 quot

327 3561 434 3608 «sumtu
456 3562 605 3609 semiustum
625 3559 778 3625 effuqirrer)
804 3569 830 3610 et
887 3561 928 3610 hic
955 3567 1055 3610 temera
1081 3562 1169 3608 omnir
1198 3559 1330 3611 disiectus
1353 3563 1374 3603 u

325 3649 437 3705 similia.
469 3648 514 3698 ubi
543 3656 652 3710 propter
677 3651 829 3700 adiunctam
887 3652 1076 3710 permiscuisse
1090 3649 1188 3698 dicitur
1206 3648 1287 3710 (conl.
1301 3645 1329 3709 ὅ.
1341 3643 1373 3693 ³5·

325 3750 418 3786 uocem
440 3737 621 3786 «incendium»
643 3738 829 3788 uelutitraos·
887 3750 945 3786 cum
965 3735 994 3800 δ.
1015 3736 1065 3799 6.).
1103 3738 1197 3800 ltaque
1225 3741 1307 3798 primo
1330 3735 1373 3783 iou

324 3828 827 3888 latusesttroourruoc.osomiurtum
886 3827 1011 3885 docetur,
1040 3828 1134 3887 quaeri
1169 3839 1224 3876 noo
1250 3830 1371 3889 oportere.

323 3922 404 3976 atquo
423 3917 566 3967 alienatur.
884 3917 989 3964 iniuria
1002 3917 1184 3966 occisionem
1198 3917 1315 3965 homines
1325 3918 1370 3959 uec

358 4002 402 4064 12)
418 4003 510 4055 Obiter
524 4005 690 4062 admonebo.
710 4006 827 4062 sortium
885 4017 919 4055 ue
938 4000 998 4066 (ὃς.
1019 4002 1162 4067 ³8-uo.).
1190 4003 1322 4056 seeundo,
1337 3998 1370 4046 io·

323 4092 407 4149 illud.
428 4094 499 4154 quod
516 4102 555 4142 est
572 4091 826 4156 tuter§§.5·2.5³.‚
884 4097 999 4151 minem,
1028 4095 1080 4141 uisi
1109 4092 1144 4142 oto
1171 4105 1291 4143 caussam
1315 4091 1370 4137 eeu·

323 4183 408 4230 miuus
436 4181 561 4232 idoneum
587 4184 688 4242 uideri.
719 4183 746 4231 lu
773 4195 826 4245 quo
884 4182 941 4245 lea·
960 4188 1115 4242 exceptam,
1137 4185 1196 4233 lure
1215 4181 1369 4231 occiduum·

323 4273 391 4320 tutor
421 4277 543 4328 crotera.
571 4271 669 4323 nedum
687 4271 760 4331 solo,
794 4285 826 4322 ea
884 4282 1069 4334 quamooms,
1088 4271 1367 4323 eiusmodtusrouu·
