3114 5046
196 518 245 570 Cep.
260 519 280 559 3.

334 367 397 432 iii
519 365 615 468 Cup.
632 367 693 443 11.
746 365 806 442 De
829 372 1019 445 uarietate
1045 372 1219 447 lecticss's

167 593 241 646 pus.
249 596 309 635 ..11
336 560 444 647 ΜΛ.
467 572 501 633 et
524 558 742 648 testimoniis]
766 567 895 633 Desunt
917 569 951 632 in
974 565 1035 633 Pin

462 692 496 754 te
517 678 643 769 reieci]
664 691 700 769 te
721 694 757 755 tc
776 689 893 755 reieci:
917 688 976 771 Pe,
999 711 1038 756 nr.
1067 691 1105 759 Τ.
1128 693 1194 779 Au.
1209 693 1251 761 Μ
1265 684 1301 777 (i

212 738 237 747 —
282 717 315 755 35.

215 982 233 988 --
286 962 317 998 rii.

213 1103 239 1112 -
283 1084 316 1122 87.

212 1209 311 1246 —89

505 814 543 877 ut
564 810 666 876 elius:
689 801 850 891 reici).⁸²i

463 950 534 998 cunr
546 932 684 997 ermetis
694 921 825 1013 seruis]
842 949 915 998 cunr
928 938 1037 1001 annis
1047 940 1140 1002 eutr:
1164 927 1301 1022 ’Πρω

462 1054 652 1138 complures
673 1041 843 1134 ernesius]
855 1048 926 1139 ‘Sic
947 1052 1120 1129 omnes-⁸⁴)

463 1179 500 1239 ui
536 1192 580 1240 ne
610 1174 735 1240 idcirco
768 1162 898 1255 minus]
941 1180 977 1241 ut
1009 1177 1138 1244 idcirco
1172 1196 1243 1245 reuse
1281 1199 1301 1243 n

507 1293 633 1364 Omnes
655 1299 799 1382 excepto
821 1293 935 1371 Pici)

116 1464 120 1473 .
215 1460 240 1468 -
285 1444 317 1483 ss.
338 1412 373 1501 S.
394 1419 446 1484 25.
468 1438 507 1485 se
529 1422 635 1505 ipsum
650 1407 787 1504 arguit]
808 1423 1012 1506 saepissime
1027 1422 1154 1511 unguit:
1178 1419 1301 1491 onnes

506 1542 539 1604 in
561 1541 712 1630 margine
733 1538 852 1607 hebet:
876 1559 938 1607 nc
958 1538 1152 1624 iprum.·⁸⁶i

337 1809 368 1848 sc
383 1808 477 1858 purum
494 1800 617 1847 nccurnie
634 1793 669 1847 eb
686 1793 841 1845 linituriitus

337 1886 428 1939 reterri
447 1881 561 1948 soiebut)
572 1889 599 1936 et
617 1896 648 1935 es
663 1897 694 1935 en
708 1883 754 1934 Or.
768 1884 795 1933 2.
812 1908 836 1917 -

339 1976 473 2035 Hicesius,
492 1987 574 2038 quum
594 1976 622 2024 in
641 1977 765 2024 contestu
780 1972 859 2027 Vui-r

337 2070 422 2129 putem
432 2065 599 2119 retinuisset,
608 2064 639 2114 ise
646 2061 736 2127 Praei.
746 2074 774 2123 p.
781 2060 840 2112 XV.

338 2167 370 2206 ec
383 2156 500 2214 trunsiit,
514 2158 544 2204 ut
556 2151 646 2203 meiiet
660 2151 712 2216 iepi
721 2150 842 2202 subiece-

337 2243 472 2293 uiridem·
492 2243 548 2306 Ege
566 2242 690 2293 idoneum
711 2252 841 2299 cnussnm,

340 2345 387 2383 cur
418 2344 433 2381 1
464 2330 576 2393 Vuipnte
603 2330 758 2390 recedetur,
790 2341 842 2380 non

340 2421 439 2477 uidem
467 2432 528 2470 num
558 2423 580 2471 si
605 2419 685 2470 medo
714 2420 842 2470 sermonis

340 2510 441 2575 iegibus
455 2514 543 2573 potest
558 2520 620 2560 unc.
638 2508 734 2559 11111111
746 2505 844 2571 signifi·

341 2612 401 2651 cnre
418 2601 448 2649 irs
467 2599 556 2650 ecdem
573 2611 621 2649 seu
640 2599 671 2647 trs
687 2595 779 2647 eudem
798 2607 841 2655 re,

341 2690 458 2740 detrnetn
480 2688 532 2738 ioci
550 2690 676 2746 notione,
695 2685 771 2750 iunge
796 2696 843 2744 op·

341 2782 404 2829 timu
428 2790 492 2830 sune
511 2784 566 2835 est;
593 2790 648 2827 nors
666 2788 742 2838 posse
765 2787 843 2826 nemo

342 2869 442 2918 docuit.

375 2953 420 3021 82)
439 2955 517 3005 iiunc
534 2953 621 3005 iocum
639 2949 843 3015 111111αῆ1111-

342 3060 392 3096 nus
401 3044 442 3109 (de
454 3044 512 3108 Fip.
527 3043 598 3094 Seni.
613 3051 637 3094 ei
650 3043 722 3092 iiior.
734 3038 764 3104 §.
775 3038 842 3103 uit),

342 3138 496 3198 priusquam
521 3146 536 3184 e
560 3130 692 3182 Ciceronis
717 3130 802 3181 Codri.
818 3135 846 3181 et

343 3224 409 3275 iidd.
433 3225 572 3275 restitutus
596 3228 650 3276 est,
673 3223 768 3271 misere
788 3232 844 3270 ccr-

342 3319 448 3376 ruptum
458 3314 497 3362 sic
509 3310 616 3362 hebuit:
637 3308 780 3367 «Ferrum,
794 3306 845 3369 fer·

343 3415 439 3458 «rum,
461 3400 564 3463 inquit,
583 3404 609 3447 ei
630 3398 676 3446 icc
696 3398 726 3447 iss
745 3397 845 3446 iudicio

344 3491 431 3540 edicit
449 3497 505 3547 ter,
525 3487 661 3550 elicietque
675 3498 727 3547 pro
739 3487 844 3535 terrui»

344 3576 368 3642 (e
400 3576 484 3629 tribus
517 3576 589 3626 hisce
616 3573 705 3624 uerbis
733 3574 765 3623 ii.
791 3573 845 3624 Sie-

342 3668 448 3730 piusue
479 3664 615 3717 coniecit:
660 3664 846 3727 uidenturque

342 3752 484 3820 proruet).
515 3753 592 3806 Nunc
611 3752 647 3803 ibi
666 3752 763 3817 legitur
781 3748 843 3817 (Ed.

345 3844 509 3903 Frotscier).·
524 3842 643 3900 «Ferro,
653 3844 737 3907 senc,
748 3843 845 3905 inquit,

345 3938 390 3982 ret
407 3934 433 3982 ir.
444 3935 464 3983 i.
474 3935 494 3981 i.
505 3933 547 3987 ri..
569 3938 593 3983 te
605 3932 686 3983 reieci
698 3938 776 3996 utque
783 3944 845 3995 pre

345 4021 483 4071 «terret»
515 4048 540 4056 -
571 4020 617 4071 iiin
648 4033 713 4071 uero
738 4022 760 4069 si
785 4033 845 4070 cum

345 4111 463 4160 unriunte
475 4108 606 4167 lectione,
620 4121 700 4171 quum
714 4122 744 4160 es
759 4107 844 4159 Codd.

345 4200 388 4249 iric
401 4196 522 4255 exhibui,
543 4195 726 4258 constrantur,
742 4198 785 4248 uix
800 4197 845 4247 du-

897 1793 971 1844 bium
996 1796 1121 1858 cuiqunrn
1144 1799 1212 1854 erit.
1239 1800 1301 1861 quin

898 1895 1008 1944 quoque
1038 1884 1128 1935 mendi
1156 1889 1207 1937 nut
1237 1899 1301 1941 sens

898 1972 1030 2032 scripture
1059 1972 1119 2024 iniis
1140 1974 1205 2025 eiirn
1224 1974 1301 2028 iueri

899 2069 962 2114 «ter
988 2064 1084 2114 eieci.»
1111 2089 1144 2100 -
1170 2062 1253 2126 iiputi
1284 2063 1301 2115 i

899 2152 966 2204 Coi.
991 2152 1025 2202 Τ.
1050 2152 1150 2203 dicitur
1166 2152 1268 2204 bebere
1291 2159 1301 2204 i

899 2255 947 2304 pru
967 2247 992 2290 te
1012 2242 1096 2292 reieci.
1115 2267 1146 2276 -
1162 2241 1204 2293 iie
1222 2255 1284 2305 seq.

899 2331 989 2381 terrui
1014 2329 1085 2380 coni.
1099 2342 1123 2380 e.
1138 2328 1190 2390 13,
1209 2328 1256 2381 37.
1278 2336 1301 2383 11

900 2420 959 2470 deri
974 2419 1062 2471 Prsei.
1076 2433 1103 2482 p.
1119 2418 1259 2469 ixxvii.

933 2506 980 2572 33)
998 2508 1075 2560 Geni.
1089 2507 1157 2559 inirn
1171 2519 1195 2558 c.
1209 2508 1263 2567 10,
1276 2508 1301 2559 2

934 2595 979 2661 st)
997 2599 1151 2648 Priscianus
1176 2593 1240 2661 (iii.
1265 2597 1301 2649 [r

901 2686 979 2746 342..
993 2686 1065 2748 npud
1074 2686 1180 2736 Petrei.
1190 2699 1218 2748 p·
1228 2682 1301 2751 7391]

901 2782 955 2835 est,
972 2775 1086 2826 Tullium
1094 2777 1231 2837 scripsisse
1247 2790 1301 2827 seu

902 2880 915 2910 n
925 2872 1037 2916 nrmntos
1045 2878 1075 2924 »ς
1091 2869 1117 2916 et
1129 2866 1166 2915 itu
1179 2862 1258 2916 Beck.
1269 2870 1299 2917 et

901 2955 1022 3005 hortante
1037 2949 1201 3012 Gurutnsio,
1225 2953 1301 3006 editis

934 3039 1141 3107 e5)1³reefixnn1
1164 3054 1196 3093 es
1216 3040 1292 3105 Eri„

901 3139 928 3183 et
949 3130 1075 3193 deinceps
1105 3132 1203 3183 cneteri
1229 3143 1301 3196 recep

902 3220 1030 3282 probante
1053 3218 1168 3286 Wolfio.

934 3306 980 3372 86)
999 3308 1076 3371 Eri:
1095 3310 1244 3372 saepisetrrsi
1266 3310 1301 3373 [11

901 3400 973 3462 quod
981 3404 1052 3450 recte
1063 3398 1226 3449 Garatonius
1237 3410 1301 3451 enur

901 3501 928 3537 rc
942 3490 1050 3551 pessimi
1066 3488 1212 3552 [crimin
1226 3493 1256 3539 et
1270 3486 1301 3541 111

903 3580 1003 3641 primur
1013 3577 1107 3629 edidit.
1124 3576 1297 3631 Ernesturet

903 3680 963 3718 uec.
983 3665 1111 3730 indueris
1131 3679 1179 3728 pre
1193 3666 1301 3731 giessen

904 3758 1029 3807 buerunt.
1047 3756 1193 3805 Wunderus
1210 3755 1228 3804 Ι.
1239 3755 1294 3821 i.p.

903 3849 1013 3897 sicutte
1046 3845 1228 3896 «Percussum
1259 3846 1301 3897 mii

904 3934 1073 3986 «einnonem
1088 3936 1225 3995 scripsisse
1247 3940 1297 3987 nui

904 4039 918 4067 (1
929 4025 989 4074 simi
1000 4024 1131 4090 indueris
1145 4024 1237 4089 erpuit
1250 4030 1300 4076 nui

905 4128 951 4163 nse
972 4115 1079 4178 urpuit,
1102 4115 1137 4163 ite
1158 4119 1189 4163 ut
1208 4111 1294 4165 uerbs

906 4201 1057 4262 «suunwir
1082 4199 1115 4250 nb
1135 4203 1284 4264 interprete
