3114 5046
821 1019 858 1108 S.
882 1024 917 1091 5.

633 1219 849 1290 Subseduoe
875 1225 1105 1313 prinestiones.

401 1414 563 1504 Sequitur
594 1421 693 1483 trium
725 1420 856 1484 diorum
891 1421 1145 1505 quaestionum,
1182 1436 1268 1504 quas
1303 1434 1406 1501 supra
1470 1421 1472 1427 ‘

337 1544 562 1624 seposuimus,
592 1541 717 1621 altera,
751 1539 908 1606 uidelicet
939 1541 1035 1629 leges
1064 1540 1228 1604 bonorum
1249 1537 1407 1603 uenden-

338 1661 454 1727 dorum
475 1680 597 1728 caussa
618 1660 869 1747 componendae
884 1679 1026 1747 quanam
1042 1662 1146 1726 ferme
1160 1664 1302 1742 natura,
1323 1678 1407 1742 spe·

337 1784 407 1865 cie,
428 1785 651 1868 conceptione
674 1784 811 1847 fuerint.

170 1958 319 2057 ηιξ-Μυῒ
401 1940 477 2023 Qua
498 1940 541 2006 de
563 1961 601 2006 re
624 1934 860 2024 studerunt,
888 1944 943 2026 qui
966 1942 1167 2006 sententiam
1188 1958 1284 2006 suam
1306 1944 1406 2007 etiam

171 2075 249 2114 ⁸⁸·-
339 2056 592 2139 mammo
616 2063 788 2146 probauit,
809 2064 844 2126 in
865 2060 954 2129 hune
975 2061 1107 2127 modum
1127 2062 1233 2128 uerba
1255 2062 1362 2129 facit:

405 2221 503 2285 «Lex
547 2222 708 2285 bonorum
747 2218 998 2285 uendendorum
1031 2226 1107 2287 erat
1145 2219 1409 2286 additamentum

405 2342 702 2425 .proscriptionis,
737 2361 804 2426 quo
839 2341 1047 2422 creditores,
1083 2345 1243 2427 quantam
1276 2347 1410 2427 partem

405 2464 491 2527 mibi
517 2460 561 2527 ad
589 2464 753 2527 minimum
782 2464 825 2528 ab
854 2482 895 2528 eo
921 2465 976 2549 qui
999 2464 1160 2528 bonorum
1182 2468 1291 2529 emtor
1312 2464 1412 2529 tutu-

405 2603 489 2648 ·rus
524 2590 642 2664 esset,
677 2586 763 2649 solui
799 2586 943 2668 uellent,
977 2585 1224 2672 significabant.
1280 2586 1412 2673 Legem

404 2707 515 2768 «enim
536 2705 640 2792 uulgo
661 2707 831 2793 cognitum
854 2712 908 2769 cst
929 2705 995 2771 diei
1012 2704 1244 2771 condicionem
1260 2708 1413 2795 negotii,

405 2845 516 2911 .quae
537 2828 636 2890 etiam
658 2828 961 2911 proscriptionibus
982 2825 1231 2913 munitionum,
1258 2828 1413 2894 locatio-

406 2966 506 3010 ·num
527 2949 731 3032 aliorumque
753 2949 964 3035 negotiorum
990 2946 1069 3012 addi
1096 2949 1239 3014 solebat
1289 2949 1412 3035 Neque

406 3090 514 3135 nucro
543 3068 729 3136 creditores
759 3072 864 3133 totam
891 3072 1084 3153 pecuniam,
1115 3088 1213 3155 quam
1243 3088 1307 3154 pro
1331 3073 1413 3135 uni-

405 3192 538 3255 .uersis
571 3191 668 3255 bonis
701 3189 930 3273 postularent,
964 3189 1045 3272 sed,
1081 3209 1148 3275 qua
1178 3209 1243 3255 nos
1276 3211 1412 3278 quoque

405 3313 551 3375 ·utimur
585 3312 860 3393 computatione,
898 3311 1060 3376 incertam
1095 3310 1217 3377 crediti
1252 3318 1411 3398 partem,

406 3432 520 3498 ·uciut
542 3433 730 3513 semissem,
764 3431 911 3514 bessem
941 3429 1154 3517 dodrantem,
1188 3424 1414 3515 (Procente)

406 3552 692 3639 «significabanw
751 3581 753 3585 .

401 3710 474 3776 Nec
496 3715 621 3776 temore
642 3707 757 3773 urum
780 3707 929 3794 doctum,
951 3712 1047 3775 immo
1069 3709 1198 3776 diserto
1221 3710 1416 3799 Theophili

340 3833 529 3898 testimonio
554 3833 712 3895 munitum
740 3831 790 3896 sic
818 3833 978 3896 statuisse
1005 3830 1142 3897 dixeris
1194 3829 1303 3899 Cuius
1331 3853 1416 3901 ecce

342 3954 402 4017 tibi
424 3955 591 4015 tenorem:

377 4178 406 4243 1)
424 4181 442 4230 i.
462 4181 482 4229 i.
502 4176 531 4242 ς.
551 4180 596 4229 it.
615 4194 642 4243 p·
661 4179 706 4230 ⁶5.
931 4180 961 4243 2)
980 4183 1000 4232 i.
1019 4183 1039 4232 i.
1059 4180 1089 4246 §-
1107 4185 1152 4235 π.
1173 4199 1200 4248 p.
1220 4185 1285 4237 252.
1307 4200 1389 4253 seqq.
