3114 5046
1102 350 1164 395 xm

91 515 181 583 rem,
210 490 274 565 nel
302 492 453 564 maxime
480 489 562 563 mihi
587 491 660 567 hoc
678 494 778 592 quasi
805 493 940 568 lrorreo
961 517 1052 594 opus
1080 498 1161 585 erit,

92 656 123 724 in
153 675 226 748 quo
258 648 460 723 studiorum
488 649 626 725 fructus
656 673 852 749 congeram
880 675 924 728 ac
951 674 1136 752 reponam.

167 809 294 907 ltaque
325 811 548 910 propositum
579 808 664 882 milri
696 818 778 899 est,
807 812 843 882 in
871 810 1027 909 singulis
1059 811 1163 885 libris

94 974 183 1059 (sex
231 976 359 1057 enmt,
412 989 539 1041 aenum
577 971 749 1041 mensium
790 968 991 1043 interuallis
1033 969 1162 1070 prodi-

92 1130 181 1218 turi)
208 1125 358 1225 singula
383 1128 505 1227 capita
534 1129 615 1201 siue
644 1130 750 1201 etiam
774 1126 878 1227 plura
906 1127 1008 1202 breui
1032 1127 1161 1230 dispu-

94 1289 216 1361 tationi
246 1284 410 1361 locorum
436 1287 617 1359 uariorum
643 1294 751 1383 atque
778 1307 829 1359 ex
854 1285 1017 1359 omnibus
1044 1282 1161 1362 Cice·

95 1448 189 1520 ronis
221 1447 369 1545 scriptia
401 1442 514 1517 ueluti
544 1466 610 1543 per
637 1450 794 1517 saturam
821 1442 1060 1519 collectorum
1091 1442 1162 1517 ad-

94 1607 251 1702 signare.
303 1598 377 1678 cui
404 1600 481 1701 legi
512 1604 699 1701 quominus
726 1605 763 1675 iu
792 1605 908 1704 primo
938 1603 1060 1674 atatim
1089 1601 1163 1678 hoc

95 1760 185 1837 libro
214 1761 487 1852 satisfacerem,
527 1764 758 1863 necopinanti
787 1759 870 1833 mihi
903 1758 1163 1860 impedimento

95 1919 157 1994 tuit
183 1922 298 2020 primo
324 1921 508 1997 contraria
533 1918 710 2018 quaedam
734 1918 820 2010 lex,
848 1942 952 2018 quam
974 1921 1055 2018 ipse
1079 1916 1163 1994 milri

94 2081 266 2180 imposui,
293 2086 332 2151 ut
353 2100 400 2152 ne
418 2081 456 2150 in
472 2077 627 2178 singulis
645 2076 750 2154 hisco
766 2076 871 2152 libris
890 2075 1043 2150 medium
1063 2075 1161 2152 duo·

93 2236 263 2312 denarum
290 2238 436 2314 circiter
461 2236 687 2339 plagularum
712 2259 895 2311 numerum
923 2235 1162 2328 excederem,

92 2396 227 2471 deinde
264 2395 329 2470 illa
368 2418 523 2473 caussae
561 2395 800 2487 Quinctianae
841 2399 976 2470 eximia
1015 2395 1162 2471 ubertas

93 2568 199 2654 atque
233 2554 411 2631 eiusmodi
443 2562 590 2646 natura,
635 2562 673 2628 ut
703 2552 751 2628 ad
778 2553 1048 2629 defendendam
1074 2555 1161 2626 inti-

94 2739 202 2806 mam,
230 2739 333 2813 quam
359 2712 624 2803 demonstraui,
653 2736 788 2816 operae
812 2716 964 2790 criticae
985 2722 1023 2786 et
1045 2715 1162 2786 inter-

96 2875 309 2973 pretationis
336 2876 625 2950 coniunctionem
664 2871 757 2946 ultro
785 2895 828 2944 se
856 2871 1026 2962 offerret,
1072 2892 1164 2968 qnae

98 3035 131 3103 in
165 3034 280 3133 prima
314 3035 394 3109 acie
431 3033 687 3109 collocaretur.
742 3028 802 3103 Ne
839 3029 960 3129 plura:
1007 3027 1165 3103 exordio

100 3194 219 3290 operis
256 3215 351 3291 rogo
388 3203 426 3263 ut
461 3192 716 3288 indulgeatur,
763 3214 829 3261 usu
858 3191 995 3263 discam
1025 3186 1166 3262 modurn

102 3351 309 3425 obseruare.

174 3583 291 3657 Unum
313 3593 451 3675 restat,
479 3583 576 3682 quod
599 3607 735 3656 summo
763 3590 895 3654 tantum
919 3580 1036 3678 digito
1057 3582 1167 3651 attin-

106 3765 200 3837 gam,
228 3745 395 3840 quoniam
427 3740 679 3843 praestandum
711 3743 830 3840 potius
862 3765 965 3838 qnam
997 3739 1167 3840 praesan-

109 3899 182 3971 dunr
212 3910 273 3972 aut
300 3899 539 4000 profitendum
567 3924 653 3974 esse
681 3899 834 3973 uidetur.

180 4058 377 4134 Scribendl
413 4060 559 4133 formam
595 4060 702 4132 talem
737 4059 820 4130 mihi
848 4082 1059 4158 comparare
1087 4069 1167 4129 stu·
