3114 5046
318 338 356 415 s.
383 329 423 403 4.
477 325 645 406 Gosouso
668 329 879 429 possederit
906 352 1032 404 morse.
1138 327 1199 392 Μ

155 528 324 593 rouerduo
339 545 381 594 ne
401 530 621 613 magistratus
640 527 860 595 iurisdietiont
882 529 1086 615 imperioque
1106 528 1203 594 iosus
1235 502 1340 609 uos-o,

155 656 220 715 rst.
276 648 331 716 Ne
358 650 479 730 multu,
511 648 690 716 interdicto
719 648 786 717 Um
815 669 1006 716 nossmrrrs
1036 647 1204 739 agendum
1222 612 1354 701 ΠΜ.

155 778 227 857 rnt3
275 770 365 858 quod
400 770 612 838 Interdictum
651 774 684 836 in
722 777 949 838 controuerso
987 773 1206 856 possessione

155 892 279 959 orinde
293 896 397 978 nique
416 894 451 957 in
472 896 737 959 trtooutrouerso
751 891 908 960 deductio
929 895 965 957 in
986 893 1097 958 iocum
1117 892 1206 980 iugis

155 1016 283 1082 ouonu
313 1018 537 1080 suecesserst.
594 1011 667 1081 Sed
709 1012 774 1080 Un
805 1034 995 1080 nosstnunrs
1034 1012 1205 1080 interdicit

155 1154 205 1215 rs,
239 1134 391 1201 ordunnn
418 1137 610 1221 exitumque
631 1155 699 1201 non
720 1136 820 1202 huius
840 1137 1006 1220 propostti
1026 1138 1080 1201 est
1102 1152 1206 1200 enor-

155 1276 215 1325 srs
229 1253 285 1332 ⁶⁸).

197 1380 253 1447 De
276 1380 334 1445 itis
355 1397 436 1445 uero
456 1379 663 1445 deductione
679 1379 743 1449 hoe
761 1399 860 1445 unum
874 1378 1045 1467 adiiciam,
1065 1380 1207 1463 posteo-

155 1520 235 1589 ¹unm
268 1500 451 1567 ndinueniu
487 1504 656 1585 petitorio
685 1498 839 1585 somnio
873 1502 1034 1587 obtinuit,
1069 1505 1107 1564 ut
1139 1519 1205 1565 non

155 1624 245 1689 olum
265 1642 332 1709 per
351 1625 588 1711 apostotorum,
612 1640 724 1686 nerum
746 1624 845 1687 etium
867 1626 962 1687 recto
983 1627 1060 1688 tore
1081 1623 1116 1686 tn
1138 1638 1207 1686 rem

155 1763 244 1837 gere
266 1745 385 1810 liceret
395 1737 451 1829 69),
482 1747 716 1809 conseruntum
739 1741 887 1829 quidem,
915 1744 945 1806 si
973 1740 1063 1827 quod
1086 1743 1208 1807 uerisi-

155 1868 212 1934 die
245 1872 300 1932 est
331 1883 525 1951 sequemur,
564 1865 826 1949 translatumque
864 1865 899 1929 in
929 1882 1049 1928 nouum
1082 1860 1208 1949 agendi

155 2006 249 2077 genus
270 1991 467 2053 consuetum
489 1985 576 2051 hono
598 1984 832 2051 deductionem
855 2004 876 2051 o
898 1985 1062 2071 principio
1084 1984 1208 2065 tuisse,

155 2128 215 2175 nox
237 2114 350 2174 nutem
371 2112 411 2173 tn
431 2106 496 2173 tino
518 2109 723 2190 potissimum
746 2107 893 2171 inutilem
916 2108 1019 2171 uisum
1042 2124 1135 2189 esse,
1166 2124 1208 2172 uo

155 2228 303 2314 inineeps
335 2231 369 2293 in
406 2230 548 2313 pristinu
581 2246 712 2312 quoque
746 2246 807 2312 per
836 2230 1051 2313 sponsionem
1082 2226 1208 2319 ngendi

155 2351 248 2417 turmo
281 2353 316 2415 tn
348 2348 599 2415 desuetudinem
625 2349 765 2414 obiisse:
802 2347 945 2434 denique
974 2347 1037 2415 hnc
1076 2351 1208 2415 ratione

155 2472 295 2541 nectum
317 2490 409 2555 esse,
432 2477 469 2536 ut
492 2472 549 2535 uix
571 2472 659 2535 uitro
675 2473 779 2555 primo
795 2470 1034 2554 Imperatorum
1057 2475 1209 2556 temporo

155 2595 259 2660 tonsu
280 2596 500 2674 retineretur,
532 2610 640 2679 neque
670 2593 802 2657 omnino
824 2589 867 2656 od
890 2591 1207 2657 iurisconsultorum

155 2720 333 2781 nostrorum
354 2717 499 2781 aetutem
522 2714 725 2799 perueniret.

204 2871 336 2955 Quibus
360 2871 430 2959 jum
462 2873 650 2957 perspectis
679 2876 715 2935 ut
742 2870 788 2936 nd
816 2873 1022 2955 propositum
1052 2876 1208 2938 reuertu-

155 3012 230 3081 rur,
260 2994 417 3081 numquid
445 2996 518 3059 ueri
539 2993 641 3059 nubet
663 2993 750 3078 quod
774 2990 900 3058 Orutor
922 2997 1031 3058 teutot
1052 3010 1209 3082 urguere,

155 3110 354 3204 aarum,
377 3118 441 3181 nisi
465 3113 689 3200 possedisset,
712 3113 940 3180 deducendum
965 3132 1042 3180 sose
1057 3111 1208 3181 Aebutio

155 3238 331 3305 oblaturum
353 3256 421 3303 non
443 3228 575 3303 iutsse‘t

155 3554 215 3606 netu
237 3559 345 3620 nogotio
364 3554 477 3614 souidtt,
505 3559 536 3605 ut
557 3553 647 3603 etuiits
739 3547 784 3613 ot)
804 3549 974 3601 Admonendi
1004 3565 1117 3613 sumus,
1156 3553 1208 3605 tor-

155 3642 258 3704 fflsun,
277 3655 359 3708 quom
370 3647 564 3695 toustttuerunt
578 3643 647 3693 cote·
703 3637 801 3688 mulum
829 3642 981 3700 petitorium
1004 3639 1135 3692 &monto
1155 3645 1208 3694 ism

155 3729 239 3793 true,
259 3735 288 3783 tu
305 3732 418 3785 tottdsm
432 3735 503 3792 uim,
525 3731 601 3783 uelut
618 3733 646 3780 tu
703 3733 790 3778 tetsts
810 3729 836 3775 tu
858 3741 910 3777 usu
929 3728 1026 3787 tuisse,
1052 3728 1133 3780 dein
1152 3744 1208 3783 rom

155 3825 282 3885 troporits
294 3820 424 3872 Cototm
438 3833 545 3881 numos,
569 3820 647 3883 dogn-
703 3818 807 3866 ustione
819 3827 868 3876 per
879 3817 1050 3878 sponsionem
1063 3819 1102 3868 rie
1111 3815 1210 3870 Goion

155 3918 261 3963 mss.
706 3905 789 3956 uerbo
818 3903 920 3964 tunore,
954 3911 985 3954 ut
1005 3904 1124 3959 obsoleto
1144 3915 1208 3960 tune

181 3998 225 4065 ω)
244 4000 415 4051 coniunctim
428 4000 469 4062 sgt
488 3996 522 4048 do
540 3997 591 4047 hoe
610 3999 649 4045 tn·
705 3994 788 4044 tuisse
823 3992 1034 4056 huudqunqusm
1069 3995 1206 4049 uidostur.

159 4090 258 4141 orden
279 4095 308 4140 et
329 4089 364 4140 ds
383 4087 563 4145 deducitone,
591 4085 649 4135 toeo
706 4080 759 4132 Gir.
778 4082 809 4130 in
824 4081 926 4131 Verrem
944 4081 1043 4143 ΠΛ.
1076 4081 1138 4136 dot.
1159 4087 1205 4146 tv,

159 4188 226 4240 tm
238 4192 266 4242 p.
281 4176 345 4228 ΒΜ.
358 4182 414 4227 not
428 4175 473 4226 dd.
487 4174 604 4226 luudtto.
705 4168 822 4221 tt-tt.
843 4167 919 4219 Coni.
935 4171 1001 4221 idid.
1015 4168 1068 4235 §8-
1083 4172 1129 4223 tt.
1142 4175 1187 4224 nt.
