3114 5046
715 1118 932 1256 onnur
959 1177 1034 1253 11.

503 1526 563 1586 lic
584 1525 778 1587 uarietate
800 1525 976 1587 iectionis
998 1524 1039 1584 tn
1061 1523 1243 1585 oratione

699 1659 773 1721 pro
793 1649 840 1709 A.
861 1647 1048 1709 caecina·

403 1799 716 1863 Commentatoribus
748 1821 843 1886 supra
871 1798 1038 1886 adscriptis
1069 1798 1132 1862 hoc
1165 1798 1240 1861 loco
1272 1794 1407 1860 addendi

341 1926 432 1976 sunt:

404 2023 463 2104 (F.
489 2022 523 2087 C.
546 2023 686 2110 Rumpf)
718 2022 968 2087 Obseruationes
995 2024 1028 2086 in
1056 2022 1221 2087 Ciceronis
1248 2037 1331 2086 orat.
1354 2043 1406 2108 pro

342 2136 474 2199 Caecina
496 2135 567 2197 loca
588 2134 743 2221 quaedam
767 2132 955 2199 difficiliora.
1000 2134 1109 2202 Gissae
1135 2136 1225 2199 1810.
1259 2134 1292 2198 4.

405 2246 573 2310 Lectiones
607 2247 766 2309 uariantes
802 2245 842 2310 ad
874 2247 1042 2311 Orationes
1074 2268 1134 2334 pro
1167 2248 1206 2310 A.
1240 2244 1403 2323 Cluentio,

340 2359 386 2423 M.
408 2358 532 2439 Caelio,
565 2362 602 2423 A.
633 2359 787 2439 Caecina,
817 2360 902 2447 Lege
931 2359 1081 2441 Manilia,
1115 2359 1150 2420 in
1178 2358 1214 2422 L.
1242 2358 1401 2433 Pisonem,

341 2493 399 2558 pro
429 2473 463 2535 P.
493 2470 645 2555 Quintio,
677 2471 711 2533 in
742 2472 892 2552 Verrem,
914 2508 955 2519 -
982 2471 1016 2533 in
1045 2471 1092 2535 M.
1125 2469 1214 2533 Tulli
1248 2468 1399 2534 Ciceronis

339 2584 523 2648 orationum
544 2606 603 2670 pro
625 2584 764 2665 Scauro,
794 2605 854 2670 pro
876 2583 1002 2663 Tullio,
1036 2596 1068 2645 et
1098 2582 1130 2644 in
1158 2579 1310 2645 Clodium
1336 2580 1395 2645 in

338 2697 475 2782 gruentis
489 2695 618 2759 ineditis
640 2710 673 2758 ct
693 2695 766 2775 rel.,
787 2693 847 2760 Ed.
863 2693 997 2760 Amedet
1012 2694 1172 2777 Peyront',
1196 2690 1392 2782 Stuttgardiae

338 2823 371 2872 et
393 2809 560 2895 Tubingae
587 2809 676 2871 1824.
702 2808 730 2870 4.
753 2829 784 2893 p.
813 2808 1002 2871 199-213.

403 2919 517 2984 Variae
541 2919 695 2982 lectiones
724 2918 882 2982 librorum
903 2919 1026 3004 aliquot
1053 2918 1098 2982 M.
1123 2919 1160 2981 T.
1185 2917 1344 2982 Ciceronis
1359 2933 1400 2974 ex

339 3033 457 3097 Codice
485 3030 667 3096 Erfurtensi
696 3045 843 3094 enotatae
870 3030 911 3093 ab
932 3029 1087 3093 Eduardo
1114 3030 1161 3092 W
1160 3028 1299 3110 undem,
1332 3025 1387 3109 li?

338 3146 401 3209 siae
431 3145 520 3208 1827.
544 3146 574 3207 8.
619 3142 752 3207 Praelat.
769 3165 800 3229 p.
817 3142 997 3206 LXXIV—
1005 3142 1163 3206 LXXVII.
1179 3158 1214 3206 et
1227 3165 1258 3230 p.
1275 3135 1385 3207 87-93.

216 3316 220 3325 “
290 3328 318 3356 ···
401 3306 545 3376 Codices
571 3310 816 3392 manuscriptos
844 3306 952 3373 adhuc
982 3309 1107 3374 contuli
1144 3314 1239 3394 octo,
1273 3314 1380 3394 qnorum

338 3430 440 3494 index
462 3429 623 3513 sequitur.

402 3586 614 3652 Bibliotheca
643 3587 738 3673 regia
760 3585 963 3653 Parisiensis
984 3590 1056 3652 tres
1077 3586 1199 3668 habet,
1238 3591 1294 3673 qni
1322 3585 1383 3651 inc

339 3711 521 3774 orationem
543 3709 739 3792 continent,
771 3709 806 3771 in
828 3703 994 3794 catalogo
1016 3708 1059 3773 Ν.
1081 3706 1176 3770 7774.
1197 3707 1293 3770 7779.
1315 3700 1389 3768 nti.

336 3831 408 3895 Eos
433 3850 536 3914 supra
568 3829 730 3913 descripsi
761 3826 805 3893 ad
835 3829 1019 3893 orationem
1048 3848 1113 3915 pro
1149 3828 1332 3919 Qitittciio,
1363 3842 1394 3891 ac

337 3952 512 4038 deinceps,
534 3955 571 4015 nt
593 3957 714 4034 antea,
737 3949 922 4035 designabo
945 3949 1015 4032 Pe,
1037 3949 1089 4015 Pk
1105 3944 1147 4035 ¹),
1170 3950 1242 4016 Pin.
1265 3949 1402 4034 Quorum

371 4108 446 4164 liin
472 4108 523 4158 hoc
543 4107 641 4159 Codice
662 4108 709 4157 Pk.
734 4108 771 4156 sic
799 4107 837 4153 in·
900 4104 1065 4170 Argumento
1092 4109 1242 4159 instructa:
1284 4110 1345 4163 «ii.
1374 4109 1403 4160 1.

336 4200 432 4260 scripta
454 4202 493 4248 cst
513 4196 579 4248 hacc
598 4199 680 4247 oratio
704 4196 835 4257 breuique
900 4194 1058 4248 «Ciceronis
1069 4199 1154 4249 oratio
1162 4209 1212 4259 pro
1220 4196 1254 4249 Α.
1266 4199 1406 4253 Caecinae.
