3114 5046
436 352 499 415 tid
554 348 650 451 Gap.
667 349 702 423 1.
737 346 799 423 De
824 352 910 422 iure
936 371 1098 422 caussae
1122 346 1395 426 cacanum.

309 559 389 657 Ἀ
500 548 647 616 naalma
669 551 738 635 est,
766 553 803 612 ut
825 545 968 614 Pisonis
989 547 1070 613 illud
1095 546 1202 615 «Non
1222 551 1336 637 deieci
1358 551 1423 615 sed
1445 551 1507 615 od-

439 675 566 739 «stttv
592 669 729 737 Trotilon
751 668 972 735 refellendum
997 669 1060 735 sibi
1084 676 1262 755 proponat.

500 790 595 874 Quae
624 792 809 858 aduersarii
841 789 1011 876 defensio,
1047 790 1222 871 dummodo
1249 796 1389 876 praeter
1418 810 1506 858 mera

437 914 605 981 interdicti
639 915 742 980 uerba
772 914 1012 1001 pristinumque
1045 911 1142 998 illud,
1179 932 1245 999 quo
1279 933 1347 979 uno
1381 913 1506 981 dictata

437 1041 533 1121 sunt,
564 1055 728 1103 armorum
751 1034 860 1100 odium
883 1035 982 1099 etiam
1004 1034 1112 1100 solida
1134 1037 1216 1100 iuris
1238 1036 1326 1101 ratio
1348 1040 1506 1103 caetera·

437 1177 574 1246 rumque
596 1177 705 1223 rerum
723 1158 853 1221 utilitas
867 1155 1156 1239 consideraretur,
1178 1159 1337 1242 quantum
1354 1158 1389 1222 iu
1404 1175 1505 1224 caus

436 1300 475 1346 sa
498 1277 674 1346 Caecinae
700 1284 734 1343 et
763 1279 917 1342 ueritatis
946 1280 981 1342 et
1010 1277 1164 1342 momenti
1197 1276 1371 1359 habuerit,
1408 1279 1506 1344 latius

437 1407 538 1469 antea
559 1421 621 1466 suo
644 1401 720 1467 loco
742 1400 958 1484 exposuimus
974 1392 1020 1474 ¹³).

500 1519 627 1589 Contra
651 1521 789 1593 'l'rclttus
811 1521 898 1585 omni
922 1537 1024 1604 opera
1052 1538 1094 1586 ac
1122 1519 1235 1584 studio
1265 1520 1441 1603 elaborat,
1470 1525 1505 1585 ut

437 1644 730 1729 recuperatoribus
766 1642 987 1727 persuadeat,
1032 1639 1199 1709 Paolum
1243 1642 1308 1709 hoc
1351 1644 1430 1713 loco
1473 1645 1505 1707 in

436 1767 674 1855 grammaticae
707 1764 998 1849 interpretationis
1030 1764 1200 1829 erroribus
1232 1768 1335 1850 atque
1368 1768 1403 1830 ln
1432 1768 1506 1831 ina-

438 1888 581 1953 nlsslnls
603 1887 778 1952 uerborum
800 1885 1071 1952 cauillationibus
1093 1889 1197 1950 totum
1221 1888 1363 1952 uersari

501 2006 577 2090 Qua
591 2011 704 2092 parte,
724 2011 812 2073 sicut
834 2025 937 2090 supra
959 2008 1084 2088 monui,
1107 2026 1174 2071 non
1196 2026 1331 2091 possunt
1351 2006 1508 2075 Maon

438 2131 630 2215 suspicione
652 2128 813 2208 liberare,
842 2129 920 2213 quin
943 2145 1034 2193 more
1055 2147 1138 2215 suo,
1166 2147 1234 2193 non
1257 2133 1324 2194 tana
1347 2129 1505 2196 laudabili

438 2269 534 2336 quam
557 2269 630 2315 cun
653 2250 765 2313 multis
787 2249 969 2331 communi,
991 2247 1176 2314 aduersarii
1192 2248 1428 2316 defensione·
1443 2270 1507 2334 pa-

439 2391 510 2436 rum
531 2371 690 2460 religiose
713 2371 884 2455 retulerit,
907 2373 1002 2435 immo
1024 2369 1204 2435 infirmiora
1225 2374 1260 2436 et
1282 2369 1325 2435 ad
1348 2372 1509 2439 refutan-

439 2492 515 2558 dum
546 2492 699 2559 iaclliora
730 2492 911 2581 selegerit,
948 2490 1111 2558 ualidiora
1152 2494 1318 2577 tacuerit,
1362 2492 1508 2580 denique

437 2616 617 2681 coniuncta
640 2613 846 2695 diuellendo,
873 2618 1032 2697 separata
1055 2613 1286 2697 permiscendo
1308 2617 1404 2680 uarie
1427 2635 1516 2685 cor-

439 2738 567 2821 ruperit
584 2729 635 2809 ¹⁸l:
677 2753 871 2819 quamquam
907 2735 985 2799 nolo
1019 2735 1173 2816 infitiari,
1220 2735 1371 2801 fortasse
1408 2740 1515 2803 etiam

439 2856 604 2925 Pisonem
625 2857 785 2940 carpendi
812 2857 863 2920 sui
892 2858 1174 2940 opportunitatem
1196 2855 1395 2922 aduersario
1419 2861 1518 2924 ultro

439 2981 620 3064 obtulisse,
656 2979 713 3042 illo
735 2979 876 3043 maxime
899 2976 1104 3042 defensionis
1125 2979 1223 3063 uitio,
1260 2978 1372 3065 qnod,
1409 3000 1553 3066 quun-

438 3119 580 3167 caussae
601 3118 683 3167 suae
705 3099 808 3162 robur
830 3098 1051 3183 uincendique
1079 3117 1160 3183 spes
1181 3101 1214 3162 in
1236 3103 1418 3167 sentientia
1442 3106 1554 3168 ta-

439 3222 536 3287 lruius
572 3218 742 3286 interdicti
784 3239 880 3304 quam
927 3221 1207 3285 restitutoriomm
1252 3221 1554 3289 interdictorum-

439 3346 580 3410 omniurn
612 3346 714 3425 atque
736 3343 769 3404 in
801 3342 932 3406 elatiori
963 3342 1043 3404 iuris
1075 3344 1321 3428 aequitatisque
1352 3342 1554 3410 doctrin·

440 3465 551 3548 posita
582 3466 694 3542 esset,
733 3463 805 3545 ipse
838 3467 948 3526 tamen
978 3462 1054 3547 plus
1090 3480 1185 3547 quam
1219 3464 1300 3529 utile
1334 3469 1554 3532 recianus

439 3591 546 3666 esset,
573 3580 617 3646 ad
639 3582 822 3647 acerborum
842 3581 1116 3668 aipnipicattones
1139 3584 1370 3670 formulaequc
1391 3587 1535 3655 dacae

440 3707 623 3791 ptatlonem
646 3700 860 3769 descenderit
877 3698 922 3778 ¹⁵).

476 3937 519 3993 ro)
538 3939 606 3989 l'ide
628 3951 708 4000 supra
732 3936 762 3999 δ.
781 3938 808 3987 5.
828 3949 856 3998 p.
879 3936 940 3986 376.
1002 3947 1112 3990 stamen
1133 3941 1198 4002 quid
1225 3945 1262 3991 ait
1280 3945 1331 3993 ista
1351 3951 1442 3995 uester
1461 3957 1503 3994 aa·

438 4042 517 4092 „qap
1001 4028 1096 4076 ector?
1139 4029 1238 4090 midas
1267 4032 1389 4096 puidqaa
1421 4032 1503 4084 wilt

476 4114 518 4178 lt)
538 4114 568 4179 5.
582 4117 608 4164 5.
625 4126 650 4173 p.
664 4114 726 4162 380.
743 4123 797 4162 not.
811 4114 839 4162 d.
999 4123 1109 4165 «aaran
1141 4120 1409 4183 pronunciatus-apua
1439 4124 1502 4172 ait.»

477 4203 519 4264 ¹5)
538 4201 780 4254 videantur.
812 4203 939 4255 «Varum-
997 4205 1074 4254 Conl·
1095 4217 1118 4253 ο.
1136 4204 1180 4254 28.
1199 4218 1221 4254 s.
1242 4206 1271 4254 ll.
1301 4211 1452 4270 amandi,
1479 4211 1503 4260 td
