3114 5046
224 291 263 369 ς.
286 281 325 355 9.
351 277 533 389 Dssm
558 281 599 353 ia
623 286 757 380 pordes
780 281 953 383 domoque
978 280 1136 385 diperta.
1176 284 1237 348 183

175 487 286 556 neque
311 470 549 559 obligationem
576 475 768 556 susceptam
794 489 904 556 neque
933 472 1066 543 omnino
1088 489 1237 539 eonsen—
1256 481 1396 579 mag-

175 613 246 658 sum
280 594 353 658 siue
384 597 539 681 rogatum
571 593 644 659 siue
675 592 957 665 accommodatum
993 595 1237 680 interuenisse,
1256 596 1302 635 ¹³⁸¹·

175 716 259 779 sutis
280 713 359 779 mibi
379 731 575 798 persuasum
598 707 705 792 est³³).

245 832 343 917 Quae
374 853 456 901 uero
492 836 566 901 eius
594 836 723 924 negotii
756 835 896 923 gerendi
928 840 1049 902 exacto
1079 837 1166 902 ratio
1203 841 1238 903 et

174 956 283 1045 ligura
303 957 423 1042 luerit,
451 957 526 1042 quis
547 975 650 1042 porro
678 958 713 1022 iu
741 958 883 1042 publicis
902 956 1151 1023 uenditionibus
1170 977 1236 1023 ua-

173 1079 240 1144 rius
269 1080 436 1145 sociorum
463 1075 611 1165 usus³⁴)‚
647 1081 719 1145 elus
745 1078 874 1165 quidem
897 1078 1147 1166 disputationis,
1179 1081 1236 1143 ln-

173 1203 317 1267 trloatae
337 1218 420 1269 sone
440 1218 551 1286 neque
571 1200 615 1266 ad
642 1199 907 1286 perspiciendum
930 1197 1076 1280 Quinctii
1098 1202 1150 1265 lua
1171 1219 1236 1265 ue-

173 1324 357 1408 cessariae‚
380 1320 465 1388 diem
487 1326 586 1407 peto,
608 1321 684 1387 dum
707 1325 741 1388 et
762 1323 884 1387 futuris
905 1323 987 1387 meis
1006 1320 1126 1386 studiis
1145 1323 1234 1386 ulio-

173 1461 309 1529 rumque
339 1442 493 1510 doctrina
517 1445 715 1511 instructior
742 1443 786 1509 ad
814 1442 1043 1509 illustrandam
1069 1445 1234 1531 integram

173 1564 272 1630 toltit
295 1565 479 1630 orationem
500 1560 738 1639 accessero³⁵).

231 1702 367 1787 Quarto
394 1705 470 1771 loco
499 1708 615 1770 orator
642 1706 840 1795 grauissime
866 1704 984 1771 Naeuii
1007 1704 1157 1768 iniuriam
1178 1705 1234 1768 ln·
1266 1711 1400 1766 tomum

172 1830 339 1909 motatur,
374 1828 430 1913 qul
458 1827 649 1913 priusquam
677 1825 872 1892 Praetorem
901 1825 943 1891 de
970 1826 1066 1891 bonis
1087 1778 1293 1906 Quinotilm

172 1946 385 2031 possidendis
405 1947 563 2034 adiisset,
598 1950 633 2013 lu
656 1946 797 2014 Galliam
818 1950 943 2013 miserit
966 1949 1021 2033 qui
1042 1948 1234 2032 possessio-

173 2086 243 2134 nem
265 2087 329 2154 pro
351 2087 389 2134 se
410 2068 719 2154 adprehenderent,
747 2069 898 2154 adeoque
920 2069 1090 2152 effecerit,
1118 2072 1155 2132 ut
1177 2069 1233 2133 uix

174 2189 280 2254 triduo
304 2194 424 2276 postea
452 2210 549 2277 quam
569 2190 714 2257 Praetor
735 2190 911 2276 possidere
933 2192 1102 2275 iussisset,
1125 2186 1234 2272 Quin-

175 2314 256 2377 ttius
276 2310 322 2377 do
343 2310 448 2377 fundo
469 2311 504 2377 in
527 2311 638 2380 Gallia
660 2311 868 2379 detineretur.

202 2525 250 2584 33)
275 2525 424 2576 Diuorum
454 2539 566 2588 prorsus
595 2526 675 2576 ratio
732 2524 909 2588 oqn’atattea
941 2526 1012 2577 dono
1040 2539 1094 2590 quo
1119 2526 1232 2577 Publius

176 2625 231 2664 rem
253 2613 423 2680 somoopos
446 2615 498 2665 boo
517 2615 579 2665 loon
597 2628 675 2666 aaou·

176 2705 211 2752 ius
226 2707 277 2754 etl.
322 2702 430 2767 Quippe
453 2716 549 2754 uarum
576 2717 675 2767 suppo·

176 2792 208 2840 tlt
223 2792 363 2841 bonorum
383 2790 474 2842 Alieni
496 2793 673 2843 emendorum

176 2880 327 2930 totietatem
367 2879 438 2929 iuter
480 2881 612 2931 Naeuium
648 2885 675 2932 at

176 2965 327 3028 Quinctium
336 2969 674 3029 eontroolamsuisse‚eam

176 3067 234 3105 uero
263 3061 355 3105 astuto
386 3055 526 3107 Ciceronis
558 3056 674 3107 consilio

176 3144 310 3207 turpisque
327 3145 430 3206 nogotii
452 3145 555 3208 pudore
575 3146 610 3195 ita
629 3158 674 3195 ex·

176 3232 290 3292 sanari,
310 3237 341 3281 ut
356 3245 422 3282 casu
440 3234 527 3295 magia
546 3234 574 3283 in
594 3234 672 3282 istam

177 3322 328 3371 totietatem
354 3321 483 3373 inuidiosa
516 3323 673 3384 Quinctium

177 3420 249 3470 qoam
279 3420 331 3459 aua
358 3413 454 3472 aponla
485 3410 553 3460 sooil
583 3416 673 3473 portes

177 3499 273 3559 teian,
292 3498 445 3549 simulatur.
483 3498 528 3548 Sie
545 3499 620 3548 enim
638 3499 671 3548 ad

178 3583 229 3634 bc.
243 3586 289 3636 at.
304 3585 337 3634 V.
351 3587 384 3635 lt.
404 3583 443 3649 (iu
464 3587 513 3637 Ed.
533 3587 570 3636 La
583 3586 670 3643 Cierc,

178 3669 278 3723 Parisiis
298 3673 378 3724 leae.
398 3675 477 3724 Tom.
493 3674 540 3724 Vl.
555 3673 671 3738 ploti.)

179 3761 293 3812 adnotat:
313 3763 395 3826 «Qua
411 3762 512 3814 Nerius
525 3760 619 3814 subdia
633 3764 672 3813 les

181 3851 343 3914 ‹de'pouilleo
369 3852 433 3900 d'un
457 3851 511 3900 ami
542 3853 671 3914 proserit,

182 3940 250 3987 «cala
259 3939 388 3990 u'dlouue
401 3940 491 4002 point:
512 3939 531 3987 il
544 3946 585 3989 est
599 3941 673 4002 peiut

181 4037 298 4078 toomme
321 4042 359 4077 uu
386 4026 516 4088 andierat,
542 4042 605 4078 suus
631 4042 672 4078 re·

182 4117 283 4168 tnords
305 4121 334 4167 et
357 4128 422 4167 sana
444 4115 558 4179 pudour.
601 4115 671 4168 blais

731 2613 896 2676 «Quintius,
928 2628 998 2678 pour
1021 2619 1147 2677 partager
1166 2627 1234 2665 aveo

732 2717 790 2752 uun
819 2704 928 2754 euuemi
956 2706 1025 2753 nette
1054 2702 1129 2766 prole
1152 2703 1232 2751 saeri-
1321 2695 1324 2699 ’

731 2792 835 2856 «legat
853 2792 895 2843 0u
914 2797 956 2842 est
973 2789 1051 2840 laobd
1070 2790 1104 2840 da
1118 2802 1152 2839 na
1167 2804 1231 2853 pou·

732 2883 814 2932 ovotr
838 2895 886 2946 pas
908 2881 1018 2931 estimer
1043 2879 1069 2929 le
1091 2877 1174 2928 client
1198 2878 1232 2930 da

731 2969 876 3020 «Ciedron.
888 2967 943 3035 ,Au
961 2973 1049 3028 reste,
1069 2967 1197 3017 l'orateur
1206 2967 1233 3017 lo

733 3059 912 3122 «representa
925 3056 1105 3107 odroitement
1126 3068 1232 3105 commo

731 3147 847 3210 «jouaut
874 3147 943 3196 daus
972 3150 1042 3194 oolla
1069 3142 1164 3193 affaire
1195 3157 1231 3193 un

730 3235 811 3284 orble
831 3233 977 3284 tout-alm
995 3232 1105 3297 possit.»

764 3319 814 3385 at)
823 3323 882 3384 Qua
895 3322 929 3372 de
937 3336 967 3373 re
974 3320 1046 3372 coni.
1056 3322 1087 3369 io
1098 3320 1201 3370 Verrem
1207 3319 1230 3377 1,

729 3410 773 3461 55.
792 3409 892 3460 oddtt.
904 3410 989 3471 5,8.,
1004 3407 1175 3461 tinniit,
1186 3408 1230 3458 lli.
1282 3415 1289 3431 ·

730 3498 820 3561 Polyb.
843 3497 879 3547 Vl
888 3534 895 3558 ,
915 3499 958 3548 17.
991 3498 1022 3547 L.
1036 3497 1081 3548 33.
1113 3497 1166 3548 Pro
1186 3510 1232 3547 so-

729 3588 787 3648 cio,
807 3593 877 3650 atq.
898 3600 922 3648 g.
944 3600 969 3636 a.
986 3613 1014 3622 -
1038 3587 1232 3649 Nescioquam

730 3671 1019 3737 longeabsttl.13.§.
1033 3674 1077 3724 2³.
1104 3674 1143 3723 De
1152 3672 1184 3724 l.
1199 3672 1230 3723 lt.

731 3764 761 3812 V.
791 3789 819 3799 -
859 3763 991 3823 Volgares
1024 3763 1231 3826 publicanorum

729 3852 871 3900 societates
890 3851 1015 3900 consulto
1034 3857 1183 3912 praetereo.

764 3937 809 4000 ³5)
841 3940 983 3989 Neminem
1013 3938 1107 4001 lugere
1134 3940 1230 3999 debet,

730 4041 811 4090 quarn
836 4028 949 4090 turpiter
975 4027 1021 4077 ilie
1045 4027 1174 4077 orationis
1194 4026 1232 4074 lo·

728 4129 776 4166 eus
789 4116 823 4164 ub
837 4115 1027 4178 interpretibus
1037 4115 1176 4176 neglectus
1185 4115 1228 4162 sit.
