3114 5046
242 315 280 391 s.
306 302 346 376 a
402 301 571 379 ebusina
595 300 807 400 possederit
837 324 964 375 neena
1072 299 1135 364 ³5³

67 501 240 570 unienda
261 501 501 583 existimantis,
521 499 563 565 de
586 502 770 584 praeterito
792 501 897 565 solnm
921 504 1072 586 tempore
1094 518 1135 567 aa
1154 511 1188 606 a:
1202 509 1289 606 ξπ·

69 622 110 687 de
134 617 357 688 Caesenniae
377 623 552 688 iocatioue
573 623 751 689 Caecinam
781 642 853 689 eum
884 623 1023 710 eolono,
1056 621 1135 709 qnid
1152 580 1304 722 ἐξῇ*

68 745 167 810 alteri
190 744 234 810 ab
255 745 364 809 sitero
394 742 590 814 deberetur,
625 765 723 830 quum
752 747 891 830 primurn
919 746 977 809 iilo
1005 748 1136 810 modus

70 869 179 948 esset,
210 868 430 956 transegisse.
473 863 569 948 Quod
599 868 628 930 si
658 868 756 932 etiam
785 866 828 933 de
857 867 971 932 iuiuro
993 869 1132 934 eontra-

70 989 193 1072 xhret,
214 990 316 1074 nique
337 988 386 1051 ita
407 1006 481 1052 eum
503 989 625 1068 nolano
648 991 728 1055 tune
751 991 898 1077 egisset,
921 993 957 1054 ut
976 987 1137 1075 deinceps

69 1113 138 1175 siue
171 1127 237 1195 pra
268 1128 305 1174 se
340 1128 405 1173 uno
437 1112 510 1174 siue
541 1128 601 1193 pro
632 1107 813 1176 heredibus
845 1112 879 1174 in
909 1128 1082 1177 commune
1108 1111 1137 1176 is

70 1233 196 1298 coierat
229 1228 502 1316 possidentque,
541 1232 696 1316 proiecto
729 1234 764 1296 et
793 1231 936 1296 diuersis
966 1234 1001 1296 et
1033 1232 1135 1321 longe

71 1353 220 1438 pluribus
241 1353 355 1418 uerbis
377 1370 449 1417 eom
466 1370 541 1417 rem
563 1357 678 1418 orator
700 1355 917 1437 expositurus
939 1358 1023 1418 erat.

128 1507 355 1596 caeteroquin
386 1513 546 1576 neminem
578 1512 699 1595 fugere
732 1511 851 1591 debet,
886 1514 993 1594 ipsum
1017 1517 1136 1578 orato-

69 1653 134 1698 renr
158 1632 242 1698 nihii
262 1631 353 1697 eliud
376 1632 575 1716 ostesudere,
597 1636 662 1697 nisi
683 1634 802 1719 pauiio
817 1639 898 1721 post
914 1629 1135 1699 Caesenniae

67 1759 216 1820 mortem
244 1756 278 1818 in
302 1753 439 1819 iundum
462 1758 595 1819 uenisse
621 1751 830 1843 Uaeeiesom,
864 1758 1082 1840 rationesque
1114 1775 1134 1818 o

68 1879 190 1942 eoiono
205 1879 398 1961 aeeepisse3
420 1875 502 1940 iiiud
525 1895 605 1941 uero
629 1894 737 1960 neque
759 1874 824 1941 hoe
847 1894 954 1961 oeque
976 1876 1043 1940 aiio
1058 1875 1135 1942 ioco

68 2018 220 2084 umquam
243 2001 440 2080 enunciare,
476 2019 541 2083 quo
565 2003 714 2083 tempore
736 1997 883 2064 Caecina
906 1995 1059 2062 deiectus
1079 2000 1136 2072 sit,

68 2140 135 2184 non
172 2119 270 2185 modo
307 2125 460 2185 tenuisse
493 2122 647 2186 colonum
688 2125 763 2186 eius
801 2124 941 2185 oeomtne
978 2117 1135 2197 fundum,

65 2261 183 2307 uerum
206 2243 305 2306 etism
328 2245 461 2305 omnino
484 2246 564 2307 tune
585 2247 623 2307 in
643 2240 755 2326 suardo
775 2240 899 2325 sitisse.
950 2239 1015 2324 Qui
1038 2241 1135 2307 eolo·

67 2384 131 2428 uus
158 2362 240 2447 quid
267 2363 324 2426 iiio
353 2361 407 2427 die
429 2366 539 2450 egerit
562 2382 729 2447 passusne
751 2367 812 2446 sit,
848 2370 914 2428 ism
936 2365 970 2427 in
992 2380 1135 2429 cumeae

67 2487 264 2548 narratione
295 2502 391 2570 quam
421 2487 454 2547 in
482 2485 611 2567 reliqua
634 2486 787 2547 oratione
810 2502 852 2548 ne
874 2483 979 2548 uerbo
1003 2483 1134 2568 quidem

66 2610 355 2671 commemoratur.
400 2605 579 2670 Enimuero
602 2622 640 2670 ea
664 2623 737 2688 res,
760 2606 892 2669 temetsi
908 2607 941 2668 iu
957 2607 1135 2670 coniectu-

69 2746 102 2792 ra
126 2729 241 2812 posita
261 2729 306 2791 sii
329 2732 418 2812 iota,
441 2731 551 2792 tamen
576 2727 667 2792 breui
691 2725 767 2790 mihi
790 2726 992 2815 attingenda
1014 2731 1080 2793 est.

128 2849 202 2915 Fae
233 2851 353 2936 igitur,
390 2850 543 2914 colonum
575 2851 663 2912 iilum
701 2853 781 2914 tune
811 2850 844 2911 in
879 2847 982 2912 insudo
1017 2849 1132 2915 fuisse·
1153 2860 1252 2902 com

71 2968 155 3052 Quid
178 2962 356 3036 dicemus?
389 2970 541 3036 Eiectum
564 2971 607 3035 sb
629 2966 780 3035 Aebutio
803 2971 930 3051 inisse,
964 2970 1133 3056 prohibito
1196 3006 1204 3019 ·

72 3091 225 3158 Caes-toea
255 3111 297 3158 ne
326 3084 497 3157 introret‘t
539 3092 614 3156 Non
643 3092 763 3157 eredo:
801 3110 861 3158 eur
890 3094 975 3156 enim
1010 3088 1133 3159 Oteero

72 3211 129 3280 bae
160 3205 352 3279 tacuisset?
389 3232 449 3277 cur
471 3219 592 3278 testem
615 3233 687 3277 eum
710 3233 777 3278 non
802 3206 1046 3299 produxisset?
1082 3216 1132 3281 At

73 3338 151 3401 enim
173 3334 335 3400 heredum
369 3338 532 3401 communi
563 3337 712 3421 nomine,
749 3331 943 3421 Caecinae,
976 3334 1133 3403 misissit

74 3455 201 3546 tiberii,
224 3452 369 3522 Aebutii
382 3449 441 3541 ²⁵),
463 3460 496 3520 in
520 3461 735 3541 possessione
758 3461 899 3524 colonus
916 3479 1014 3544 quum
1031 3461 1133 3542 esset,

76 3578 100 3641 iu
141 3597 183 3643 ea
217 3581 431 3663 possessione
470 3581 676 3664 consilioque
712 3578 905 3665 possidendi
945 3581 1133 3644 consistere

79 3715 139 3763 oum
166 3719 209 3765 ae
238 3699 360 3765 durare
392 3696 564 3766 Aebutius
594 3720 717 3785 passus
746 3704 807 3765 est.
857 3699 947 3765 Nibii
976 3700 1132 3786 proiecto

81 3823 192 3886 uinus:
227 3841 301 3886 nam
330 3823 379 3888 sie
407 3840 451 3887 ne
480 3823 634 3888 deiectus
663 3820 794 3906 quidem
824 3816 980 3887 Caecina
1013 3822 1132 3888 fuisset

109 4051 147 4115 25)
165 4055 234 4106 Vide
253 4067 277 4105 e.
298 4054 325 4104 e.
346 4061 410 4106 eutr.

116 4161 231 4210 uuum,
246 4162 289 4202 us.
306 4162 329 4200 u.
905 4156 945 4221 23
