3114 5046
338 367 400 431 282
453 364 548 466 Gap.
566 366 601 439 1.
655 364 715 440 De
741 369 826 440 iure
853 389 1013 441 caussae
1041 362 1308 442 Cucciniuncc.

183 583 240 625 rm.
264 585 317 650 roe.
337 567 510 632 molestiae
531 584 653 630 caussa
676 565 853 649 taedioque
876 566 983 652 magis
1005 583 1101 648 quam
1125 565 1192 629 ullo
1212 567 1296 631 luris
1311 565 1401 630 iusto

169 647 317 738 new
337 693 426 753 metu
449 688 529 752 motl
552 688 727 772 pauculum
750 685 905 772 quiddam
927 686 971 751 ab
992 704 1031 753 se
1051 685 1169 752 abradi
1192 687 1377 770 patiantur.

400 807 522 873 Audio.
552 808 624 873 Nec
653 809 867 896 repugnabo,
890 809 921 873 sl
943 810 1018 893 quis
1040 805 1258 875 confirmandi
1281 825 1403 873 caussa

336 928 516 1016 adiecerit,
551 931 688 995 similem
716 931 878 995 rationem
910 929 999 1015 apud
1033 929 1204 994 Romanos
1232 927 1403 1012 effecisse,

194 1096 201 1111 .
337 1055 373 1116 ut
396 1071 440 1116 ex
462 1054 619 1137 opposito
643 1054 741 1117 etiam
764 1052 965 1140 legatarius,
993 1053 1048 1136 qui
1071 1069 1114 1115 ne
1133 1052 1304 1137 portland
1326 1051 1403 1135 qui-

294 1248 297 1253 ,
338 1171 410 1238 dem
440 1174 492 1237 ius
520 1177 721 1238 testamento
750 1175 959 1261 accepisset,
996 1175 1107 1238 tamen
1130 1174 1272 1258 propter
1297 1171 1402 1235 solam

337 1296 442 1382 legati
465 1294 724 1381 magnitudinem
746 1298 940 1382 inopertam
956 1293 999 1358 ab
1019 1291 1199 1359 heredibus
1214 1296 1404 1358 uocaretur

338 1419 439 1500 atque
461 1414 505 1480 ad
527 1414 737 1480 diuidendum
761 1414 980 1482 hereditatem
1003 1412 1243 1501 quodammodo
1259 1412 1404 1479 coherc-

338 1536 391 1600 dis
429 1537 504 1602 loco
534 1536 739 1603 haberetur.⁴
789 1533 892 1604 Cuius
927 1536 1028 1600 moris
1057 1536 1131 1619 ipsa
1164 1533 1249 1600 haec
1282 1551 1404 1600 caussa

338 1659 523 1744 exemplum
546 1633 697 1724 continet
718 1660 835 1724 uxoris
856 1659 963 1740 illius,
985 1658 1037 1723 cui
1060 1655 1110 1721 Μ.
1127 1655 1302 1722 Fulcinius
1317 1653 1403 1720 ado-

337 1780 469 1845 lescens
490 1778 621 1868 grande
644 1778 776 1865 pondus
797 1781 931 1867 argenti
952 1779 1120 1868 legauerit
1134 1771 1172 1850 6).

400 1901 635 1967 Verumtamen
658 1900 819 1966 hocloco
843 1901 963 1986 aliquis
985 1901 1130 1965 fortasse
1154 1899 1308 1981 obiiclat,
1330 1916 1402 1964 eun

336 2042 423 2088 unus
444 2041 488 2089 cx
509 2022 690 2088 heredibus
713 2027 840 2107 partem
863 2041 955 2088 suam
979 2023 1109 2086 nimium
1128 2021 1402 2111 exaggerauerlt,

337 2145 444 2231 magis
474 2142 738 2228 exspectandum
772 2162 867 2228 esse,
909 2142 1111 2228 coheredes,
1149 2161 1214 2228 quo
1251 2141 1401 2206 iniuriam

337 2263 509 2348 depellant
530 2245 823 2351 arrogantiamque
846 2266 1046 2351 reprimant,
1075 2262 1118 2328 ad
1141 2261 1298 2329 iudicium
1322 2281 1402 2347 pro-

337 2389 518 2451 uocaturos
540 2403 631 2470 esse,
654 2404 749 2472 quam
771 2387 878 2470 ipsum
902 2406 998 2466 eum,
1021 2386 1076 2471 qul
1097 2385 1250 2449 iniuriam
1273 2383 1403 2452 fecerit

337 2504 436 2589 Quod
457 2524 567 2595 genus
588 2508 642 2572 uel
664 2508 699 2571 in
720 2506 891 2573 comoedia
913 2506 1057 2573 habetur

943 2625 1084 2694 Phorm.
1106 2625 1185 2694 Una
1206 2628 1329 2692 iniuria
1351 2630 1404 2692 est

401 2748 535 2816 Tecum.
573 2745 654 2816 cnr.
676 2752 754 2840 lege
783 2752 878 2838 agito
909 2769 1003 2839 ergo.
1032 2747 1175 2815 Phorm.
1208 2751 1321 2814 altera
1353 2754 1403 2815 cst

400 2875 529 2955 tecum,
550 2867 701 2939 Chreme.

401 2991 463 3057 lle.
487 2994 585 3080 Rape
608 2993 706 3060 hunc.

399 3151 461 3218 cm
490 3150 681 3218 difficultati
714 3171 755 3219 ea
785 3152 918 3217 ratione
949 3150 1117 3218 Klotztoa
1155 3151 1325 3235 occurrit,
1367 3157 1403 3216 ut

336 3275 482 3354 statuat,
505 3273 704 3356 Aebutium,
726 3294 822 3358 quum
846 3277 973 3358 partem
995 3290 1088 3336 suam
1104 3273 1138 3336 in
1153 3268 1324 3339 Caecinae
1342 3270 1404 3338 dc·

337 3394 526 3459 trlmentum
564 3400 813 3482 exaggeraret,
849 3396 946 3460 simul
982 3394 1126 3459 familiae
1159 3392 1405 3460 herciscundae

336 3515 465 3601 eglsse,
488 3517 663 3602 quomagis
685 3534 780 3598 quam
803 3517 877 3600 ipse
896 3513 1034 3599 faceret
1050 3510 1218 3582 Caecinae
1241 3517 1407 3600 iniuriam,

337 3653 408 3700 eam
429 3640 508 3722 patt
542 3637 654 3719 potius
684 3636 727 3700 ab
760 3635 822 3701 hoc
847 3638 1030 3720 putaretur.
1081 3631 1224 3702 Scilicet
1246 3642 1332 3702 nota
1352 3656 1409 3703 res

336 3760 409 3840 est,
432 3761 552 3823 auctor
573 3754 782 3823 Phaedrus:

400 3877 456 3942 Ad
478 3881 583 3943 riuum
607 3878 746 3981 eundem
771 3881 869 3963 lupus
891 3884 925 3945 et
947 3899 1058 3967 agnus
1081 3886 1246 3945 uenerant

399 3994 464 4064 Siti
488 4002 664 4084 compulsi,
687 4002 746 4066 rel.

371 4229 398 4292 a)
418 4245 441 4278 e..
461 4230 487 4278 d.
509 4238 574 4280 ertr.
