3114 5046
552 1070 766 1161 CAPUT
801 1073 858 1158 ll.

172 1473 232 1533 lle
253 1470 455 1539 uarietate,
469 1469 646 1531 lectionis
668 1471 708 1530 ln
729 1469 909 1530 oratione
930 1470 1083 1543 oro‘lll.
1100 1470 1237 1548 Tullio,

418 1673 422 1678 ἢ
447 1602 536 1652 cum
556 1593 736 1652 contextu
758 1591 963 1666 castigato·

228 1843 278 1906 ‘ln
304 1842 532 1921 superioribus
557 1841 686 1908 duabus
716 1843 922 1909 orationibus
943 1841 986 1908 ad
1009 1845 1157 1911 criticam
1178 1859 1388 1911 re-Proooniuu·

174 1965 365 2031 censionem
388 1961 616 2049 conquirenda
629 1963 702 2027 luit
721 1964 862 2029 materia
883 1982 902 2029 e
917 1982 1039 2050 magno
1053 1966 1151 2051 copie
1166 1984 1239 2033 cum

174 2081 333 2152 Codicum
355 2103 452 2149 manu
476 2085 674 2168 scriptorum
697 2087 764 2148 tum
787 2082 996 2172 Editionum,
1025 2061 1133 2152 tribus
1154 2107 1241 2173 qua-

178 2211 297 2271 tuorue
333 2205 425 2273 hisce
455 2206 601 2271 saeculis
630 2207 722 2292 typis
746 2224 959 2293 excusorum,
993 2211 1095 2292 atque
1117 2228 1172 2274 res
1194 2211 1241 2276 ita

176 2328 325 2407 terebat,
355 2332 391 2391 ut
422 2345 507 2412 quae
528 2345 627 2391 manu
650 2334 763 2391 essent
786 2331 926 2392 exarata
948 2331 1168 2414 exemplaria,
1201 2349 1241 2396 ea

175 2464 285 2534 paene
316 2449 424 2513 omnia
451 2449 509 2512 uix
531 2449 654 2511 maiore
677 2449 773 2532 qua'm
796 2450 893 2513 unlus
915 2451 1041 2516 saeculi
1063 2453 1241 2517 interuallo

176 2571 474 2636 uetustissimarum
496 2568 689 2634 Editionum
714 2573 858 2634 aetatem
881 2569 1131 2636 antecederent.
1166 2572 1242 2637 Ha-

177 2712 247 2756 rum
280 2711 361 2757 uero
394 2691 568 2756 Tullianae
597 2690 805 2755 defensionis
833 2692 1043 2776 reliquiarum
1065 2695 1166 2778 plane
1189 2693 1243 2758 di-

179 2831 280 2878 uersa
302 2830 424 2880 caussa
446 2815 508 2877 est.
541 2807 637 2891 Quae
659 2830 755 2895 quum
772 2830 815 2876 ex
831 2813 958 2898 aliquot
974 2814 1062 2878 foliis
1076 2815 1243 2900 antiquis-

178 2937 334 3001 simorum
349 2931 508 3001 Codicum
525 2934 812 3017 palimpsestorum
828 2938 959 3016 erutae,
974 2938 1164 3019 nostrisque
1179 2936 1243 3001 de-

178 3076 263 3132 mum
293 3055 410 3121 diebus
439 3057 471 3120 in
501 3056 606 3120 iucem
635 3055 703 3118 sint
726 3053 853 3137 editae,
887 3056 994 3121 critici
1016 3057 1140 3121 laboris
1161 3056 1242 3121 nihil

178 3177 256 3243 mihi
279 3177 461 3262 superfuit,
484 3177 546 3241 nisi
569 3180 606 3241 ut
623 3174 786 3242 ‚tredecim
809 3176 866 3241 illa
880 3176 960 3241 iolla
975 3168 1141 3262 (quatuor
1156 3178 1243 3242 Am-

181 3301 355 3380 brosisna,
371 3276 590 3362 'laurinensis
605 3286 746 3376 nouem)
762 3295 871 3362 denuo
886 3300 1100 3385 inspicerem,
1122 3285 1245 3366 lectio-

181 3437 322 3504 nemque
345 3436 447 3483 meam
469 3435 542 3483 cum
564 3418 788 3483 anterioribus
810 3420 899 3484 curis
921 3423 987 3484 tam
1007 3421 1152 3504 ipsorum
1172 3438 1244 3485 me-

179 3541 407 3605 ritissimorum
442 3539 570 3603 illorum
604 3540 838 3624 inuentorum,
872 3538 965 3607 illati
996 3560 1038 3607 ac
1072 3538 1244 3629 Peyront,

181 3680 277 3748 quam
292 3660 512 3726 secundorum
528 3659 720 3744 Editorum,
741 3660 879 3748 Beteri,
906 3657 1045 3749 Orelttl,
1060 3660 1244 3749 Hurelrlrti,

182 3783 369 3850 conferrem
391 3786 492 3867 atque
514 3781 760 3847 contenderem.

248 3885 365 3970 Cuius*
382 3904 533 3988 suseepti
562 3904 697 3987 primum
725 3900 807 3966 illud
834 3903 868 3966 in
898 3901 1009 3997 fructu
1038 3906 1179 3989 reputo,
1210 3907 1246 3967 ut

184 4026 417 4109 amplissimum
441 4023 546 4090 llos·
570 4024 792 4089 testimoninm
814 4041 886 4089 eum
909 4020 951 4086 de
973 4021 1087 4087 horum
1111 4025 1246 4113 ingenio

185 4153 285 4233 alque
317 4145 496 4230 inlustria,
530 4150 597 4211 tum
631 4144 673 4211 de
700 4145 829 4211 illorum
859 4142 997 4227 ardore,
1029 4142 1246 4229 dexteritate,
