3114 5046
317 379 357 443 ¹8
420 375 515 480 Cap.
534 377 569 453 1.
620 375 682 452 De
706 381 793 453 iere
817 400 979 453 causaue
1007 374 1275 465 Quinctianae.

161 566 282 670 ,2⁹32
314 565 459 651 spondet
483 570 542 632 aut
569 568 658 632 ultro
678 568 722 633 ab
747 585 789 633 eo
815 568 1013 655 stipulatur,
1040 585 1082 633 ac
1107 566 1269 653 deinceps
1294 586 1384 653 quae

147 681 297 789 322¹:ss
314 688 358 754 ad
385 690 577 774 sponsionis
604 687 752 754 ordinem
780 691 971 775 exitumque
998 690 1185 776 pertinent,
1213 692 1288 755 siue
1319 708 1385 756 ac-

147 803 190 833 ‘¹¹²
315 811 468 897 cipiendo
493 809 571 877 inde
599 811 673 876 siue
702 808 833 876 edendo
859 809 1158 896 persequendoquc
1185 809 1308 879 iudicio
1339 829 1383 876 cx

314 950 404 998 more
425 935 580 1020 peragat.

375 1055 417 1120 In
431 1072 573 1138 summa,
589 1056 627 1117 ut
641 1051 686 1118 ad
700 1070 854 1119 caussam
869 1050 1018 1135 Quinctii
1031 1057 1257 1138 reuertamur,
1272 1072 1383 1139 quac-

314 1190 378 1260 que
400 1176 550 1259 proxime
572 1173 829 1260 disputauimus,
857 1173 901 1239 ad
927 1175 1051 1239 exitum
1078 1175 1319 1263 perducamus3
1344 1215 1382 1225 -

314 1298 424 1381 potuit
440 1296 625 1374 Dolabella,
639 1298 667 1360 si
682 1297 865 1381 sponsione
879 1314 920 1362 ac
935 1295 1140 1382 praeiudicio
1153 1316 1222 1363 rem
1237 1299 1384 1386 transigi

314 1418 438 1500 mallet,
459 1420 672 1502 sponsionem
687 1422 746 1482 aut
760 1417 808 1482 ita
822 1417 892 1482 iteri
908 1419 1032 1495 iubere,
1047 1423 1084 1482 ut
1098 1417 1259 1503 Naeuius,
1277 1419 1385 1484 totius

314 1556 456 1604 caussae
477 1542 588 1620 actor,
610 1539 837 1626 imaginariam
860 1538 1023 1624 quandam
1045 1542 1209 1624 pecuniae
1224 1558 1384 1604 summ

314 1659 507 1743 assuinctio
529 1663 749 1746 stipuloretur
769 1662 832 1727 sub
854 1679 895 1726 ea
916 1659 1125 1748 condicione,
1146 1666 1180 1726 rt
1200 1660 1290 1726 borco
1307 1664 1384 1727 eiua

314 1801 363 1848 ex
383 1781 515 1847 Edicto
538 1782 612 1847 dtea
633 1778 766 1846 XXX.
786 1801 949 1869 possessu
965 1787 1098 1867 esseut,
1120 1780 1241 1847 deinde
1259 1780 1384 1847 eahae

315 1907 498 1990 sponsione
525 1906 690 1969 actionem
720 1901 926 1969 intenderet:
956 1907 1016 1967 aut
1046 1922 1090 1966 ex
1118 1904 1293 1987 opposito,
1323 1904 1384 1967 tali

314 2024 430 2112 modo,
450 2027 487 2089 ut
503 2022 697 2107 Quinctius,
719 2025 753 2087 iu
769 2025 943 2110 principali
957 2026 1091 2089 actione
1106 2042 1200 2105 reus,
1217 2024 1280 2088 sub
1295 2041 1387 2091 oon-

314 2148 418 2212 traria
432 2145 630 2212 condicione
642 2164 663 2210 a
676 2145 805 2210 Naeuio
820 2146 1048 2230 stipulantur,
1062 2145 1215 2230 adeoque
1228 2146 1262 2209 in
1278 2164 1386 2230 prac-

315 2264 437 2333 indicio
460 2266 538 2332 inde
559 2270 721 2332 nascente
744 2271 778 2331 et
799 2266 923 2355 agendi
938 2271 972 2332 ct
986 2266 1149 2351 probandi
1166 2286 1253 2332 onus
1270 2266 1386 2335 oiiicl-

318 2406 436 2472 umque
456 2389 628 2472 suscipere
650 2390 840 2475 cogeretur.

149 2550 298 2646 ΝΜ
381 2548 451 2611 lam
474 2564 571 2630 quum
592 2550 772 2632 appareat,
802 2544 880 2631 quid
909 2544 1054 2610 Praetor
1080 2544 1123 2611 de
1150 2544 1387 2613 satisdationis

148 2665 270 2704 ΜΜ
317 2668 374 2733 illa
396 2670 626 2734 controuersia
648 2665 738 2753 apud
759 2685 797 2731 se
820 2670 894 2730 orta
916 2665 1099 2733 decernere
1125 2668 1292 2755 potuerit3
1322 2688 1388 2734 su-

319 2796 432 2874 perest
462 2791 562 2853 tertia
592 2791 743 2874 quaestio
778 2806 880 2872 supra
903 2791 1089 2872 proposita,
1119 2787 1278 2854 uidelicet
1301 2789 1388 2874 quid

319 2915 417 2975 rectu
438 2915 528 2975 truria
549 2915 687 2975 ruttoac
709 2909 893 2973 decentem
916 2909 1084 2974 deluerit.

150 3048 216 3132 J·
243 3051 302 3132 ἐξ.
382 3030 494 3095 Primo
531 3030 606 3096 loco
643 3028 844 3113 uidendum,
880 3048 1037 3095 uerumnc
1073 3030 1172 3095 tuerit
1199 3032 1387 3116 sponsione

165 3163 197 3188 ‘¹
239 3152 302 3190 Μ·-
320 3173 389 3218 rem
410 3154 618 3239 transigere,
639 3169 684 3215 an
698 3153 824 3216 rectius
845 3153 918 3236 ipsc
941 3153 1167 3240 cognitionem
1192 3153 1388 3220 uniuersam

322 3277 355 3338 in
378 3290 416 3337 sc
437 3275 637 3359 recepturus
660 3271 791 3337 ruisset.

383 3390 477 3475 Quae
505 3411 563 3457 res
593 3412 690 3477 quum
717 3395 751 3456 in
780 3397 950 3478 potestate
979 3398 1014 3459 et
1042 3395 1181 3461 arbitrio
1210 3393 1390 3462 Praetoris

319 3518 393 3579 tota
414 3517 504 3579 essct
528 3515 653 3600 posita,
676 3522 757 3598 puto
773 3518 884 3581 tamen
899 3515 1079 3600 aliquando
1099 3517 1252 3601 potuisse
1266 3518 1388 3582 merito

319 3633 519 3721 reprehendi
541 3633 752 3718 Praetorem,
778 3639 831 3722 qui
855 3637 966 3702 multis
986 3640 1134 3727 negotiis
1155 3637 1332 3706 districtus
1353 3641 1388 3704 in

320 3779 357 3826 re
379 3762 476 3848 graui
497 3767 598 3845 atque
621 3758 737 3836 dubia,
760 3777 856 3843 quum
878 3760 936 3822 uix
959 3761 1093 3844 prinam
1117 3760 1235 3825 taciem
1251 3779 1390 3849 eogno-

321 3884 444 3965 uisset,
470 3885 595 3947 temere
620 3884 679 3946 aut
702 3879 821 3964 cupide
848 3879 892 3944 ad
923 3878 1166 3945 decernendum
1198 3882 1388 3965 prosiliret:

321 4007 440 4068 contra
466 4021 565 4088 uero,
596 4005 650 4088 qui
682 4021 744 4067 sua
776 4002 969 4092 cognitione
1000 4003 1128 4067 minime
1161 4002 1289 4085 fretus,
1321 4022 1388 4089 quo

322 4125 524 4208 amplissima
544 4123 638 4188 tieret
660 4125 708 4187 rei
735 4123 968 4209 inuestigatio,
995 4142 1019 4186 a
1044 4124 1215 4188 sententia
1245 4122 1389 4191 terenda

324 4248 487 4310 intutum
516 4262 554 4309 se
581 4244 796 4328 abstinuerit,
821 4245 1035 4329 sponsionem
1064 4244 1133 4310 lieri
1161 4246 1317 4331 iusserit,
1344 4245 1388 4312 de
