3114 5046
223 347 262 424 8.
292 338 331 411 9.
371 327 555 435 Defensio
571 341 612 410 tn
629 347 761 438 portes
777 340 948 439 locosque
965 336 1123 439 dipesta.
1172 338 1232 401 1⁷9

172 521 326 611 nisse⁹⁰J,
353 534 455 613 etque
477 526 633 593 hortante
662 528 796 593 tribuno
817 528 928 612 piebis
948 530 1103 613 metuque
1124 528 1232 593 inter·
1250 536 1384 634 ’ἔπαις’

172 651 338 715 cessionis
363 650 412 716 sie
439 652 643 715 tronsootom
670 668 764 728 esse,
799 653 836 714 ut
863 647 1082 713 uadimonium
1103 648 1231 714 Naeuio
1250 650 1336 690 mir*

172 769 322 835 Alienos
351 767 496 850 Quinctii
533 772 664 836 nomine
700 772 926 856 promitteret,
961 774 1096 836 coetero
1135 788 1231 854 uero,

172 912 258 979 quoe
301 892 345 958 od
387 891 612 958 uenditionem
641 893 800 958 bonorum
834 893 1067 979 pertinerent,
1102 894 1232 957 intereo

171 1007 429 1092 sisterentofli.
482 1011 571 1095 Quid
600 1016 704 1103 igitur
732 1017 863 1097 mirum,
892 1031 999 1100 neque
1025 1017 1232 1080 conuocatos

172 1153 247 1201 esse
270 1134 458 1202 creditores
477 1153 586 1221 neque
608 1136 695 1201 bons
716 1129 891 1202 neniisse?

233 1254 332 1339 Quae
361 1257 455 1323 foeta
482 1260 550 1322 sint
577 1274 685 1323 necne
711 1277 808 1343 quum
828 1257 873 1323 od
893 1259 997 1343 ipsam
1019 1259 1231 1342 sponsionem

171 1379 252 1445 niiril
283 1382 427 1445 attinent
462 1377 690 1466 quaerere22),
725 1381 896 1465 possessio
926 1383 1036 1445 nutem
1072 1380 1231 1444 bonorum

171 1504 271 1566 eiisnr
301 1505 380 1586 post
407 1500 627 1567 uadimonium
653 1501 734 1566 iliud
768 1503 975 1568 contractum
1006 1503 1041 1566 et
1073 1499 1165 1566 iooto
1198 1503 1232 1565 et

172 1621 337 1688 Proetore
367 1626 507 1690 nnetore
539 1618 774 1705 dorouerit⁹³),
809 1641 877 1686 non
906 1624 1020 1706 potest
1045 1622 1110 1686 iste
1137 1621 1233 1686 loeus

172 1745 271 1810 aliter
293 1746 428 1831 urgeri,
453 1745 517 1809 nisi
544 1748 582 1810 ut
603 1747 638 1809 in
667 1745 853 1829 primeriom
887 1741 973 1809 hone
1004 1744 1231 1827 quaestionem

172 1864 318 1951 incides,
340 1864 496 1932 uidelicet
517 1864 737 1932 uadimonium
751 1864 832 1930 illud
854 1866 1005 1930 instoene
1027 1862 1232 1929 defensionis

171 1989 235 2051 nim
256 1985 432 2074 hebuerit,
451 2005 492 2054 oe
513 1988 752 2074 possessionis,
774 1986 924 2073 quemuis
944 1985 1037 2052 ioeto
1051 1984 1232 2053 eontinos-

172 2111 242 2191 tse,
272 2127 370 2173 omne
397 2111 450 2173 ius
476 2106 684 2192 dissolueni,
717 2127 762 2174 en
790 2110 910 2175 contro
937 2106 981 2173 od
1006 2105 1231 2172 uenditionem

172 2232 300 2295 nutum
337 2229 496 2294 bonorum
533 2228 745 2296 differendam
780 2230 951 2316 uoluerit,
985 2229 1231 2314 possessionem

173 2369 252 2416 nero
273 2352 309 2414 in
330 2369 392 2414 suo
412 2353 505 2416 stetu
527 2354 593 2417 tom
615 2353 687 2416 iore
709 2369 805 2436 qoem
826 2350 919 2417 fecto
940 2349 1134 2415 ineolumem
1149 2350 1231 2414 reii-

174 2474 290 2557 qnerit.
333 2468 409 2552 Quo
429 2470 472 2537 de
492 2490 531 2539 re
552 2471 629 2537 uide
651 2490 737 2558 quoe
758 2489 860 2555 snpra
876 2461 1145 2547 treotonimosi‘).
1176 2469 1231 2534 Ex

174 2595 348 2679 proposito
369 2600 479 2659 notem
502 2595 647 2659 oratoris
666 2594 742 2660 loeo
764 2611 832 2658 non
853 2591 961 2658 habeo
984 2589 1072 2677 qnod
1093 2591 1230 2676 eddom,

174 2732 278 2800 neque
300 2715 464 2797 arbitror,
496 2713 541 2780 nd
570 2712 763 2780 soluendam
788 2715 877 2780 iiiam
899 2714 1124 2800 quaestionem
1146 2730 1230 2804 gro-

175 2837 245 2902 nins
266 2833 445 2921 quidquem
467 2834 545 2901 inde
566 2835 689 2901 hauriri
712 2838 872 2921 potuisse.

230 2993 340 3061 Pione
369 2993 457 3080 qood
492 2999 669 3079 praetereo
702 2989 821 3064 Cicero
854 2996 986 3077 iniecit,
1022 2998 1230 3061 coeterorum

177 3115 373 3182 creditorum
401 3114 443 3180 sd
472 3116 635 3181 rationem
657 3117 745 3180 iliam
766 3117 926 3182 bonorum
949 3114 1094 3197 Quinctii
1117 3116 1230 3202 possi-

178 3235 354 3302 iendomm
390 3238 550 3302 neminem
586 3233 840 3321 necessisse²⁵),
875 3239 1035 3304 neminem
1070 3254 1230 3304 accusare

179 3355 377 3439 Quinctium,
414 3361 509 3444 quasi
535 3360 719 3424 lotitnuerit
745 3363 805 3424 sut
833 3362 1083 3445 procuratorem
1108 3360 1231 3425 absens

178 3480 293 3545 oniionr
315 3481 505 3568 reliquerit,
531 3484 590 3545 out
606 3481 691 3546 siins
711 3481 797 3547 mole
817 3482 943 3571 egerit:
964 3480 998 3545 id
1019 3500 1100 3547 nero
1122 3498 1230 3567 neque

205 3826 250 3879 20)
271 3823 350 3874 Coni-
370 3821 398 3887 ἦ.
418 3824 444 3874 ’1.
468 3838 495 3888 p.
516 3824 576 3875 123.
596 3838 672 3889 seqq.
765 3824 811 3885 24)
829 3821 858 3886 5.
877 3824 903 3874 8.
923 3838 949 3888 p.
972 3824 1032 3875 1⁶³.
1051 3838 1128 3889 seqq.

204 3913 253 3975 21)
271 3912 349 3963 Oooi.
369 3909 398 3975 8.
418 3913 444 3963 8.
469 3926 495 3976 p.
516 3912 576 3964 16³.
596 3927 671 3977 seqq.
764 3913 811 3968 25)
830 3927 856 3962 e.
875 3913 919 3962 23.
940 3913 985 3963 24.
1005 3914 1049 3963 29.
1072 3938 1103 3949 -
1139 3914 1229 3964 Deeo

204 4003 249 4056 22)
269 4001 308 4050 iie
335 4015 388 4065 qus
407 4002 470 4052 uide
488 4015 569 4066 supra
596 3999 625 4064 §-
645 4004 667 4052 i.
730 4002 893 4051 creditorum
912 4001 971 4052 iure
989 3998 1185 4064 uidosuprsss.
1201 4003 1227 4051 3.
1328 3988 1331 3995 ’

173 4105 198 4152 p·
218 4093 245 4142 i.
265 4091 310 4138 27.
730 4104 755 4154 p.
773 4091 817 4140 71.

205 4179 249 4234 23)
263 4174 661 4242 coni.§.i.p.2i.§.8.p.1oo
