3114 5046
58 342 94 418 s.
108 331 149 402 4.
167 327 292 404 DeP.
303 339 340 404 ct
358 328 399 403 V.
413 330 496 403 bon.
507 327 799 405 -suoseauae
810 333 1058 430 quaestiones
1085 331 1126 394 ⁸3
1181 288 1186 296 Ι

58 519 121 586 irac
159 540 227 586 una
264 538 301 584 re
338 519 424 584 adeo
463 518 547 584 nihii
587 521 670 586 certi
707 523 789 585 iuris
819 520 1034 607 adquisiisse,
1072 525 1127 606 nt,
1165 520 1294 584 ⁰.·.···⁸·‘··

58 644 211 728 quamuis
223 643 313 706 iusta
329 658 451 706 caussa
465 641 566 705 tuerit
582 641 791 726 postulandi,
813 645 964 726 quamuis
979 660 1001 707 a
1018 642 1127 709 Prae-

58 772 131 828 tore
148 765 262 828 iussus
279 764 378 827 etiam
396 770 490 828 recte
508 762 699 846 possederit
718 764 805 830 hona
826 769 859 828 et
879 766 1127 850 proscripserit,

59 891 190 970 tamen,
219 883 395 948 dummodo
423 886 515 970 inira
536 885 677 972 triginta
707 884 779 951 dies
808 886 880 950 sine
903 885 1041 970 abipso
1064 885 1128 950 do-

58 1008 144 1071 mino
167 1008 241 1070 siue
266 1023 286 1070 a
312 1009 532 1090 procuratore
557 1008 645 1071 insta
674 1005 826 1071 defensio
844 1006 1047 1089 offerretur,
1083 1006 1126 1072 ad

57 1131 186 1192 irritum
207 1127 336 1193 isthaec
359 1127 549 1193 reciderent
575 1128 700 1214 omnia,
723 1145 832 1213 neque
862 1129 917 1214 qui
940 1145 981 1193 ea
1004 1146 1127 1211 passus

57 1254 167 1331 esset,
198 1252 380 1334 propterea
408 1251 466 1313 aut
492 1249 653 1333 peculiari
679 1246 866 1315 satisdandi
892 1250 1046 1315 molestia
1067 1255 1126 1315 aut

58 1373 121 1435 aiio
145 1370 349 1436 detrimento
373 1389 537 1456 quoquam
556 1370 750 1439 adiceretur
761 1363 796 1447 ⁹).

117 1492 278 1581 Triginta
305 1490 433 1557 demum
458 1494 584 1578 elapsis
604 1491 722 1558 diebus
745 1495 828 1559 iuris
850 1494 1019 1559 existebat
1040 1493 1125 1560 eiic-

58 1620 131 1679 cins
154 1616 272 1679 certus
296 1605 601 1700 absolutusquewi,
630 1616 867 1707 incrementum
895 1618 1055 1699 capturus
1081 1634 1123 1680 ex

58 1737 165 1801 attera
181 1734 358 1800 Praetoris
376 1734 524 1800 aditione
540 1755 694 1821 nouoque
708 1735 829 1801 exinde
844 1737 985 1823 triginta
999 1734 1125 1801 dierum

58 1859 167 1944 spatio
190 1875 326 1922 emenso
341 1849 388 1935 ¹¹).

115 1975 220 2044 Unde
248 1999 345 2065 quum
372 1982 554 2063 appareat,
586 1980 722 2064 primam
750 1980 840 2044 iiiam
865 1980 900 2043 in
930 1981 1018 2045 bona
1041 1981 1124 2045 mis.

58 2101 203 2186 sionem,
225 2102 256 2164 si
276 2101 358 2164 iuris
381 2099 521 2166 enectus
545 2104 735 2186 spectetur,
756 2118 818 2165 sna
836 2102 868 2164 ui
891 2118 932 2166 ac
951 2103 1124 2185 potestate

58 2223 187 2286 mininie
212 2222 422 2303 consistere,
453 2220 515 2288 sed
538 2241 611 2289 curn
632 2224 708 2287 aliis
733 2225 836 2289 rebus
866 2224 972 2309 iisque
1001 2225 1124 2289 futuris

58 2345 89 2406 et
108 2344 253 2409 incertis
274 2344 431 2431 coniungi
448 2347 550 2430 atque
573 2343 651 2410 inde
673 2363 873 2429 suspensum
889 2348 1016 2428 teneri;
1044 2344 1123 2431 quid
1142 2432 1145 2437 .

60 2465 185 2547 mirum,
221 2463 435 2549 Praetorem,
467 2465 523 2530 ubi
551 2467 687 2551 primum
717 2464 759 2532 de
786 2466 884 2533 bonis
907 2466 1049 2533 alicuius
1079 2486 1123 2532 ex

61 2583 177 2651 iidicio
199 2584 414 2669 possidendis
435 2585 585 2652 adiretur
592 2636 602 2674 ,
632 2585 674 2652 de
698 2588 771 2652 iure
791 2587 988 2672 imperfecto
1011 2591 1062 2669 et,
1084 2592 1122 2651 ut

63 2707 104 2769 ita
122 2706 245 2790 dicam,
271 2703 403 2786 ἐμβριὶῳ
424 2726 533 2793 neque
556 2709 759 2794 cognouisse
780 2726 887 2793 neque
904 2701 1122 2774 decreuisset

66 2826 129 2892 Iton
163 2831 252 2892 enim
284 2828 364 2893 iliud
391 2828 565 2894 Praetoris
597 2832 667 2909 est,
701 2828 744 2895 de
770 2832 873 2895 uariis
896 2831 997 2895 rebus
1023 2829 1122 2913 facti,

68 2949 249 3034 exquibus
278 2951 467 3016 coniunctis
498 2952 550 3016 ius
577 2949 711 3035 aiiqnod
745 2953 914 3033 nascitur,
941 2952 1120 3035 separatim

69 3086 265 3157 cognoscere
288 3075 323 3135 et
341 3069 541 3159 decernere,
564 3091 678 3137 uerum
699 3071 741 3137 de
758 3075 829 3138 inre
852 3073 943 3157 ipso,
966 3090 1121 3156 compre-

71 3187 172 3256 hensis
187 3192 440 3277 quibuscunque
458 3192 560 3258 rebus
579 3195 743 3259 consistat
762 3211 802 3259 ac
824 3196 1049 3279 comparatum
1067 3197 1122 3280 sit,

73 3328 103 3373 cx
125 3315 260 3400 integro
282 3313 502 3398 absolutaque
524 3316 719 3402 cognitione
740 3318 900 3381 statuere.

121 3431 194 3514 Qua
211 3435 345 3498 ratione
367 3433 525 3511 Praetor
547 3437 611 3500 nisi
633 3454 754 3524 magna
770 3439 871 3521 atque
890 3440 978 3503 insta
1000 3456 1121 3504 caussa
1224 3418 1226 3424 '

75 3554 250 3638 accederet,
282 3559 422 3640 propter
451 3556 564 3620 futura
589 3557 646 3621 iiia
668 3560 703 3622 ct
724 3559 853 3622 incerta
879 3562 977 3624 eiiam
1010 3559 1088 3625 de
1079 3562 1121 3625 ris

10 3618 14 3821 ἱ
78 3670 232 3741 iiiierebat
263 3695 494 3764 cognoscere,
528 3696 612 3764 quae
639 3680 824 3763 praeterita
852 3679 982 3761 quidem
1006 3688 1120 3746 essent

10 3840 15 3867 ι
80 3799 120 3856 tut
135 3789 364 3880 praesentia(
342 3789 469 3878 (ueluti
493 3798 625 3866 debitor
646 3818 689 3864 an
712 3801 879 3887 latitaret,
900 3819 945 3865 an
967 3802 1120 3883 abesset,

10 3870 16 3965 i

107 4089 205 4147 tivido
223 4093 350 4158 suprass
371 4095 785 4159 3.p.72.1i.ioio
807 4112 832 4161 p
853 4098 895 4146 74.
917 4098 959 4146 76.
980 4113 1055 4162 seqq

110 4178 234 4232 ¹⁰)Coui
255 4184 359 4246 ibidp
362 4184 432 4232 ..75
