3114 5046
192 342 296 435 nc
351 324 752 444 Gueclnnposseders'i
778 368 905 422 mute.
1008 344 1072 410 ³⁴⁹

145 544 310 612 mucre
331 543 469 609 eandem
492 562 577 628 rem,
610 563 652 608 ne
674 543 862 611 interdictis
883 543 1069 610 frustrare-
1089 552 1226 619 mm·-

145 665 342 734 ncedercni.
354 663 404 741 ¹³).
1101 622 1225 708 ἵξῃ

145 789 203 856 teo
222 791 347 874 autem,
371 793 472 854 uncte
486 787 529 854 ad
550 786 774 877 indagandam
789 765 948 853 eiusmodi
961 805 1071 854 rernm

145 911 311 999 aingenil
333 911 534 988 subtilitate,
559 911 607 974 ita
628 907 713 974 haec
735 909 1013 992 enuclenuerunt,
1033 901 1073 973 nt

145 1049 191 1099 uc
222 1030 351 1119 quidem
381 1037 565 1121 ulnam
592 1034 799 1112 statuerent,
832 1028 894 1095 sed
921 1028 1077 1096 diuersas

145 1168 199 1229 res
223 1153 419 1240 possiderc;
453 1172 527 1218 rem
555 1156 670 1238 ipsum
688 1152 837 1216 alterum
866 1169 1074 1242 corpusque,

145 1279 240 1343 lists
268 1275 357 1341 diod
385 1271 692 1359 mundissimum,
724 1291 793 1338 rem
822 1273 1076 1362 incorporalem,

145 1414 226 1489 uero
255 1394 386 1483 quiden
415 1402 587 1482 possessio
625 1399 718 1464 nulla
753 1402 865 1484 esset,
907 1401 944 1466 at
975 1401 1076 1488 prust

145 1520 188 1585 ao
207 1520 337 1602 tamen,
364 1517 408 1585 nd
430 1520 622 1586 duerdleto
644 1521 752 1603 utilis,
778 1519 821 1587 ad
841 1521 989 1607 reliquus
1009 1538 1076 1602 res,

145 1655 254 1706 munt
284 1640 333 1704 rel
366 1641 613 1725 possessionem
645 1643 870 1727 requirerent,
919 1641 1076 1708 lneldcex

145 1760 273 1826 innoxio
288 1752 337 1839 ¹⁴)

145 1881 223 1949 icsi
245 1899 327 1947 nere
347 1884 447 1966 sunt,
469 1883 602 1950 facilius
624 1884 722 1950 etiam
745 1884 976 1973 intelligentur
990 1901 1076 1969 quse

145 2020 208 2068 usa
229 2003 288 2067 illa
313 2008 530 2088 possessione
549 2004 703 2091 plicitum
731 2011 770 2072 in
797 2005 947 2071 solidum
969 2005 1077 2090 pluri·

145 2126 313 2212 gestorum
337 2124 536 2214 fragmentis
558 2144 576 2190 e
599 2125 706 2190 nocdio
731 2127 954 2213 potissimum,
987 2123 1076 2212 qnod

145 2245 258 2322 drani,
280 2248 429 2330 tempore
451 2245 494 2312 ad
517 2265 579 2312 nos
603 2252 828 2332 peruenerunt
844 2240 892 2326 ¹⁵).

145 2509 181 2554 ius
201 2507 308 2555 rationis
328 2508 406 2557 etlam
428 2507 461 2556 ad
477 2507 519 2556 lii-
574 2509 602 2556 in
620 2507 734 2557 solidum
752 2508 892 2569 possidere
913 2513 1075 2570 statuissent,

156 2604 244 2656 usque
271 2595 298 2643 ln
326 2594 518 2646 consuetudine
575 2598 717 2658 quominus
748 2597 876 2656 usucapio
906 2598 965 2646 elus
997 2599 1078 2650 inter-

166 2683 277 2746 uertigla
306 2689 369 2732 sunt
394 2688 517 2742 seruata,
574 2690 759 2746 rumperetur;
774 2688 1078 2749 posteaneparuntqui-

145 2784 149 2820 l
168 2767 200 2819 1..
220 2768 246 2818 3.
266 2767 355 2834 517.
384 2772 459 2824 Unde
478 2775 517 2823 ul.
575 2773 636 2824 dom
650 2772 802 2834 possidere,
817 2779 1001 2823 uerumtsmeu
1014 2787 1078 2826 usu·

145 2854 271 2920 astucius
288 2863 393 2910 nomine
406 2860 520 2924 qualiter
576 2863 679 2923 cepioni
706 2861 901 2913 continuandae
919 2862 957 2910 sic
982 2872 1077 2910 consu-

145 2944 261 3009 rtaitln
268 2950 431 3009 possessione
451 2946 517 3013 (scil.
575 2952 701 3008 luerunt,
721 2956 751 3000 ut
778 2955 884 3011 recepta
911 2951 1077 3011 possessione

145 3039 255 3087 tutetur
272 3037 324 3087 hoc
343 3038 517 3088 interdicto.»
576 3040 703 3091 accedere
716 3040 741 3089 el
755 3038 874 3090 dicerent
885 3041 1079 3100 possessionem

154 3123 201 3174 11.
220 3123 471 3176 Dedonatlonibus.
487 3151 518 3161 -
577 3131 652 3188 eius,
689 3128 735 3190 qui
763 3131 884 3192 precario
915 3126 1078 3190 possederat.

145 3208 251 3263 ioctsm
272 3216 352 3264 etiem
376 3217 448 3277 origo
471 3213 521 3264 luit
576 3217 607 3266 L.
624 3217 666 3266 15.
681 3214 711 3280 5.
724 3216 751 3266 4.
772 3216 811 3267 lie
834 3219 964 3278 precario.
985 3216 1015 3265 L.
1034 3213 1077 3264 13.

145 3300 190 3355 tnd
208 3302 371 3352 naturaiiter
389 3304 521 3364 possidere
578 3303 607 3369 5.
618 3306 644 3354 7.
660 3305 700 3356 lie
712 3305 746 3354 Α.
757 3319 782 3356 v.
793 3305 826 3353 Α.
836 3305 868 3354 Ρ.
879 3332 908 3344 -
921 3304 999 3356 Coni.
1010 3304 1077 3354 L.l.

146 3400 178 3440 ut
205 3388 330 3453 deinceps
360 3391 445 3442 dictus
470 3399 518 3443 est.
578 3391 607 3456 5.
623 3394 665 3443 15.
686 3393 717 3442 1..
732 3392 776 3442 33.
790 3393 852 3445 eod.

145 3488 178 3529 ca
201 3491 282 3540 supra
307 3479 385 3529 alleta
410 3492 437 3541 p.
458 3479 519 3530 343.
613 3480 656 3546 14)
676 3482 743 3534 Vide
757 3483 813 3533 loca
826 3495 907 3545 supra
924 3481 1031 3533 collecta
1051 3493 1077 3542 p.

145 3565 241 3618 -Nec
262 3573 442 3618 rarasuntin
463 3570 520 3619 ullis
578 3569 767 3620 34311031.
799 3571 875 3622 Adde
897 3571 929 3620 L.
950 3570 977 3619 1.
1000 3567 1030 3633 5.
1052 3570 1079 3618 8.

145 3655 238 3717 ditus,
264 3660 410 3718 quinctium
431 3662 458 3708 in
478 3671 521 3710 ea·
579 3659 657 3721 Quod
670 3660 825 3722 legatorum.
845 3659 877 3708 L.
890 3658 917 3708 4.
932 3656 961 3722 5.
976 3658 1020 3707 17.
1041 3658 1080 3709 lie

145 3746 268 3796 munnio
283 3750 406 3802 muteris,
426 3747 521 3797 similia
579 3761 672 3809 usurp.
695 3744 869 3809 1..13.5.1.
897 3748 1079 3809 Excutere.

145 3835 150 3884 l
179 3838 366 3898 progressionis
392 3837 520 3898 exempla.
579 3840 640 3887 mni.
657 3863 685 3872 -
702 3835 1079 3887 nenorosuitoocontm.

145 3928 163 3972 n
180 3924 252 3987 quod
273 3923 401 3973 Souinius
421 3922 448 3987 (l.
463 3925 479 3974 i.
494 3938 520 3986 p.
579 3927 618 3976 lle
632 3927 690 3974 ltin.
704 3929 755 3973 act.
771 3936 797 3985 q.
813 3926 863 3985 pri.
886 3924 917 3972 L.
930 3922 956 3971 1.
978 3923 1079 3974 Cnmm.

144 4007 173 4074 ι.)
198 4015 320 4074 exposuit
342 4013 374 4062 de
397 4026 447 4071 eo,
476 4016 521 4076 qui
580 4008 836 4076 5111111351.
858 4011 897 4062 lle
910 4014 1079 4074 precario.-

145 4102 215 4153 cario
234 4101 326 4160 dedlts
347 4115 426 4163 quom
439 4115 522 4163 quum
579 4103 705 4152 Souiolus
723 4100 741 4150 1.
751 4099 773 4150 1.
788 4097 818 4162 5.
834 4100 876 4149 11.
891 4114 917 4162 p.
931 4100 992 4150 103.
1003 4114 1078 4163 seqq.

145 4202 162 4240 e
177 4201 239 4239 curn
258 4204 305 4250 en,
335 4194 381 4255 qui
400 4193 520 4253 accepit,
615 4188 658 4255 15)
677 4190 743 4241 Vide
757 4202 837 4251 supra
850 4202 876 4250 p.
892 4187 952 4240 343.
968 4195 1022 4239 not.
1036 4189 1078 4237 11.
