3114 5046
407 351 469 416 ³³⁸
518 347 612 452 Gap.
640 350 675 425 1.
711 349 790 438 ,De
815 355 902 427 iure
927 375 1087 429 caussae
1115 350 1387 431 Caecinioaae.

254 598 280 626 ..
294 588 387 627 ..m
406 569 474 616 non
501 549 600 616 modo
626 554 681 638 at,
716 549 824 640 οἰαιιι,
852 556 1013 637 precario
1039 551 1084 619 ab
1113 553 1322 642 Muersario
1349 573 1471 640 porre-

405 674 515 749 dirre,
551 689 664 737 uerum
695 673 793 737 etiam
830 676 969 738 omnino
998 692 1068 739 noo
1102 673 1299 761 possedisse
1305 695 1317 759 ,·
1352 679 1469 741 contra

405 791 556 859 nonnihil
598 792 778 879 aiiquando
818 795 998 873 intererat,
1045 812 1065 860 e
1107 794 1246 880 praedio
1284 800 1469 863 eiiceretnr

404 915 539 1001 aliquIs,
561 933 658 1000 quum
680 915 715 979 in
731 933 772 979 eo
794 917 862 978 tum
885 917 995 1001 esset,
1016 933 1060 982 an
1081 914 1325 1002 prohiberetur
1341 921 1466 983 tantum

403 1035 567 1104 accedere
589 1038 623 1101 et
644 1038 781 1100 intrare.

468 1155 543 1239 Qua
565 1157 606 1222 de
628 1176 665 1223 re
689 1158 819 1222 tametsi
843 1152 1018 1224 Scrutatur
1038 1160 1073 1222 in
1100 1156 1237 1224 diuersa
1257 1163 1312 1225 est
1334 1161 1466 1246 opinio-

404 1298 445 1345 ne
461 1272 515 1364 ²⁹),
537 1283 651 1345 certus
672 1283 783 1344 tamen
804 1298 895 1364 sam,
916 1278 1032 1373 Virum
1054 1277 1143 1346 hunc
1165 1282 1417 1365 peritissimum,
1437 1283 1466 1347 si

403 1399 500 1466 modo
523 1418 604 1464 uera
625 1418 719 1477 esse,
752 1416 836 1485 quac
867 1397 909 1464 de
938 1400 1110 1485 utriusque
1132 1400 1300 1469 interdicti
1323 1402 1466 1468 formula

402 1517 640 1607 disputaui³⁰),
676 1522 740 1586 sibi
769 1523 992 1606 persuaserit,
1028 1522 1117 1586 ultro
1149 1521 1227 1587 mihi
1255 1521 1297 1589 de
1321 1542 1364 1590 ea
1384 1525 1466 1589 iuris

400 1644 532 1708 ratione
562 1645 596 1706 in
625 1642 804 1709 interdicto
833 1642 875 1707 de
904 1643 937 1706 ui
965 1646 1094 1708 armata
1116 1661 1358 1711 concessurum
1379 1663 1464 1711 esse.

400 1762 509 1832 Unum
541 1764 606 1831 hoc
646 1769 753 1830 restat
791 1763 881 1850 quod
913 1765 1044 1851 iniecit,
1079 1783 1232 1832 caussam
1268 1760 1463 1855 Caecinae,

400 1887 529 1952 ettamsi
566 1887 811 1972 possessionem
851 1889 883 1952 ei
919 1885 962 1952 ad
1002 1885 1201 1953 uincendum
1235 1890 1462 1954 necessariam

400 2008 504 2074 iuIsse
533 2026 751 2096 negaremus,
775 2007 855 2072 nihii
884 2006 1052 2093 adiuuari,
1083 2010 1238 2092 quoniam
1266 2009 1377 2093 paiam
1400 2010 1463 2090 sit,

397 2147 471 2195 cum
499 2128 587 2195 haud
620 2130 728 2216 magis
758 2128 949 2194 detinuisse
976 2127 1132 2212 fundum,
1165 2149 1230 2215 quo
1260 2127 1302 2194 de
1332 2131 1463 2217 agitur,

398 2269 494 2337 quam
515 2251 710 2336 possedteae
721 2246 772 2323 ³¹).
815 2248 899 2314 Eius
922 2267 1003 2315 uero
1025 2251 1214 2337 argumenti
1236 2250 1288 2314 uis
1309 2268 1352 2317 ac
1374 2252 1462 2316 ratio

396 2392 496 2458 quum
518 2390 562 2437 ex
583 2389 731 2437 caussae
747 2365 987 2438 Oneotntance
1008 2374 1142 2452 natura,
1163 2389 1230 2436 non
1252 2377 1463 2438 ceommmti

396 2498 491 2573 ture,
514 2494 675 2581 originem
697 2491 816 2576 ducat,
852 2496 954 2577 atque
982 2490 1027 2557 ad
1055 2491 1120 2559 hoc
1153 2491 1231 2558 inde
1252 2492 1299 2558 sit
1330 2494 1461 2558 tantum

396 2616 634 2682 consecutione
651 2612 890 2701 quodammodo
908 2615 1093 2678 translata:
1117 2613 1229 2698 piacet
1251 2631 1324 2678 carn
1341 2612 1461 2700 dispu-

395 2739 554 2802 tationem
583 2737 750 2821 tantisper
783 2735 932 2820 differre,
969 2732 1077 2800 donec
1111 2738 1290 2820 perspecta
1325 2737 1472 2825 integra

394 2856 492 2923 huius
514 2856 683 2923 interdicti
714 2857 921 2942 proprietate
950 2854 993 2919 ad
1022 2857 1126 2941 ipsam
1152 2850 1329 2922 Coeetaae
1351 2876 1465 2923 caus·

392 2998 470 3044 eam
491 2980 730 3045 accesserimus
745 2975 797 3051 ³²).

455 3097 519 3181 Qui
541 3118 622 3164 uero
645 3100 811 3165 actionum
833 3097 1009 3179 formulas,
1043 3117 1062 3161 a
1086 3097 1246 3163 Romanis
1276 3102 1345 3164 tum
1371 3118 1531 3167 con-r

392 3221 489 3286 sultis
518 3223 584 3284 tum
617 3221 870 3308 magistratibus
904 3224 972 3282 tum
1000 3216 1164 3284 iudicibus
1200 3217 1534 3308 diligentissima

391 3343 591 3424 conceptas,
613 3341 825 3405 subtilissime
848 3341 1033 3425 expolitas,
1059 3323 1313 3427 religiosissime
1335 3343 1538 3408 obser-a

388 3466 502 3545 ustas,
534 3459 619 3525 adeo
650 3480 710 3546 pro
741 3463 952 3544 paruulorum
974 3459 1167 3546 crepundiis
1189 3461 1298 3526 fuisse
1322 3468 1539 3548 putantfa

388 3585 425 3647 ut
447 3600 514 3647 non
536 3581 688 3647 dubitent
716 3582 896 3663 affirmare,
930 3582 1076 3669 cuipare
1106 3580 1147 3646 de
1181 3584 1214 3647 ui
1238 3583 1538 3652 interdicenti

421 3828 466 3895 2⁹)
486 3833 503 3882 i.
519 3833 536 3882 i.
551 3846 577 3894 p.
591 3832 653 3882 511.
666 3844 740 3896 seqq.
760 3857 788 3869 -
810 3830 886 3882 Comi,
945 3844 1021 3888 rum,
1053 3828 1147 3882 Gescii·
1176 3830 1204 3881 d.
1224 3832 1257 3882 n.
1282 3833 1316 3883 n.
1336 3847 1365 3896 p.
1391 3833 1441 3884 ’130
1518 3836 1533 3863 ⁴·

387 3921 430 3972 iiic
447 3935 528 3984 supra
547 3936 573 3984 p.
593 3920 654 3970 301.
946 3926 1000 3969 noi.
1020 3917 1064 3968 2⁸.

421 4007 465 4072 30)
492 4011 559 4061 Vide
576 4022 657 4072 supra
675 4023 702 4072 p·
727 4008 787 4058 301.
810 4022 886 4071 seqq.
980 4005 1024 4073 32)
1052 4007 1091 4058 iia
1117 4007 1161 4057 iiis
1190 4023 1218 4061 re
1248 4016 1275 4063 et
1294 4006 1528 4073 quemuonae

387 4104 413 4148 ci
432 4112 459 4162 p.
479 4096 540 4146 313.
560 4097 621 4147 315.
641 4111 718 4161 seqq.
946 4096 1009 4147 uide
1029 4095 1095 4146 inira
1115 4094 1146 4159 5.
1166 4096 1194 4147 d.

420 4183 464 4250 31)
483 4186 500 4235 Ι.
522 4185 539 4234 i.
560 4201 584 4247 p.
605 4186 666 4235 51t.
696 4184 771 4236 Goni.
790 4185 887 4234 Wciie·
