3114 5046
327 394 389 456 itii
457 371 552 472 Gap.
577 373 613 446 Ι.
656 371 717 446 Dc
738 375 824 446 turc
847 395 1008 446 caussae
1034 368 1251 447 Tullianae.

169 557 476 642 naraon-penora
505 557 649 642 quinque
681 554 778 620 huius
805 553 877 619 ioiii
905 551 1059 619 deiectus
1088 571 1205 618 omnes
1234 550 1386 619 denorum

181 635 231 668 m
326 677 596 763 undenorumquc
625 695 779 743 uersuum
801 677 887 759 sint,
915 677 1050 756 praeter
1071 675 1148 739 ilios
1169 677 1282 741 autem
1304 676 1388 740 nulia

325 800 360 863 in
382 801 574 864 narratione
601 815 664 864 nec
692 795 874 882 praecedat
894 796 1016 861 lacuna
1038 813 1101 868 nec
1123 797 1247 880 postca
1269 814 1388 881 sequa-

325 923 399 1004 tur,
421 919 528 986 donec
551 921 584 984 in
606 916 632 994 §.
645 917 696 983 22.
717 920 791 983 tota
805 919 954 982 narratio
971 918 1205 1002 abrumpatur,
1229 937 1298 982 nou
1313 921 1388 1003 pot·

326 1045 378 1106 est
407 1041 560 1107 inccndio
584 1041 630 1104 iiii
660 1041 868 1125 caeterisque
897 1039 993 1104 simul
1014 1041 1123 1128 gestis
1143 1039 1232 1103 aiios
1255 1040 1289 1103 in
1311 1056 1387 1104 nar-

324 1164 456 1228 ratione
478 1163 573 1228 iocus
594 1163 658 1226 nisi
680 1161 764 1227 haec
788 1156 894 1243 §.18.,
916 1158 958 1224 de
974 1177 1038 1245 qua
1055 1160 1185 1247 agitur,
1206 1161 1387 1248 assignari:

325 1287 418 1349 certe
441 1284 560 1348 nemini
584 1284 617 1346 in
638 1288 779 1347 mentem
803 1283 934 1362 ueniet,
955 1279 998 1346 da
1019 1279 1083 1345 fine
1104 1279 1163 1344 iiio
1185 1278 1229 1356 (§.
1244 1279 1309 1352 22)
1330 1298 1387 1346 co-

325 1406 453 1490 gitare,
474 1404 529 1468 ubi
552 1402 737 1468 iamdudum
760 1403 803 1468 ad
827 1422 867 1469 ea
888 1404 1084 1487 peruentum
1101 1403 1173 1485 esi,
1195 1419 1283 1488 quae
1305 1406 1385 1467 teu-

325 1544 407 1607 pore
431 1527 597 1606 postrema
620 1525 767 1612 fuerunt,
790 1529 825 1591 et
846 1543 931 1612 quae
953 1542 971 1589 e
991 1524 1043 1588 rei
1056 1525 1178 1611 gestae
1197 1524 1384 1588 narratione

326 1644 496 1729 adipsum
519 1645 672 1712 iudicium
695 1664 900 1732 caussaeque
916 1644 1192 1730 disceptationem
1213 1643 1384 1711 traducere

327 1770 510 1831 orationem
535 1767 699 1833 uidentur.

293 2052 296 2057 Ι
387 1952 517 2035 Quibus
538 1954 648 2021 adhuc
669 1954 898 2041 disputationi
922 1955 1002 2042 quid
1015 1958 1086 2022 ucri
1102 1957 1207 2039 inest,
1231 1956 1383 2020 neminen

324 2076 429 2162 sugit,
462 2076 544 2142 nihii
577 2080 689 2165 egisse
723 2096 798 2160 eos,
838 2079 894 2161 qui
933 2077 1197 2162 supptementum
1240 2074 1384 2142 undecim

325 2199 563 2264 uersiculorum
595 2201 881 2283 comparauerint,
913 2216 1022 2283 neque
1044 2201 1077 2261 in
1100 2195 1328 2285 excogitando
1349 2215 1384 2260 eo

324 2317 414 2382 aiiod
437 2316 612 2404 quidquam
635 2320 785 2407 egerint,
807 2321 871 2384 nisi
892 2323 930 2384 ut
955 2318 1040 2385 haec
1063 2318 1146 2383 foiia
1169 2319 1384 2385 Ambrosiam

277 2436 278 2441 ’
325 2441 458 2503 tertium
488 2444 522 2504 et
552 2442 702 2524 quartum
732 2443 804 2504 siue
826 2442 938 2506 uerbis
959 2442 1032 2506 siue
1053 2442 1222 2506 sententia
1245 2441 1334 2505 inter
1352 2456 1384 2504 se

237 2638 240 2643 ,
324 2561 573 2648 coniungerent
593 2578 634 2626 ac
657 2563 902 2628 continuarent.

321 2720 324 2727 Α
387 2731 493 2802 Simul
516 2743 625 2802 nutem
642 2739 817 2802 uerborum
838 2743 948 2804 “miore
964 2739 1132 2805 eiatsmodi
1147 2739 1382 2805 semustilatus

324 2858 463 2945 effecit»
495 2878 582 2923 noua
612 2878 649 2923 se
680 2859 776 2924 oiiert
799 2861 884 2924 ratio
908 2861 1223 2945 interpretaticque‚
1255 2878 1296 2924 ne
1318 2861 1382 2944 ipsa

324 2979 453 3064 quidem
487 2983 581 3045 certa
614 2979 674 3044 sed
706 2982 738 3044 in
768 2983 962 3046 contectura
991 2982 1097 3069 magis
1119 2982 1247 3063 posita,
1282 2989 1380 3045 tamen

321 3099 410 3165 haud
442 3101 597 3188 indigna,
631 3120 715 3185 quae
746 3120 817 3167 cum
847 3105 1010 3188 superiori
1045 3105 1101 3168 iiia
1129 3105 1325 3170 conteratur
1353 3108 1380 3166 ct

322 3221 555 3288 contendatur.
604 3223 687 3287 Nam
719 3225 767 3288 sic
802 3226 969 3308 existimo,
1006 3229 1157 3290 extrema
1192 3225 1279 3291 hacc
1315 3241 1380 3289 csse

322 3345 424 3407 uerba
455 3345 544 3409 iiiios
571 3346 790 3431 narrationis,
820 3365 914 3430 quam
945 3345 987 3411 de
1016 3365 1096 3412 casa
1124 3348 1265 3412 incensa
1286 3365 1324 3411 ac
1345 3344 1379 3408 dc

322 3467 408 3527 omni
430 3466 487 3528 iiio
504 3465 730 3530 'ruiiianorum
752 3466 916 3532 hominum
934 3469 1044 3555 iacto,
1065 3468 1155 3533 infra
1171 3463 1214 3540 (§.
1229 3467 1295 3540 ot.)
1310 3470 1379 3532 bre-

320 3585 454 3649 uissime
476 3594 748 3671 commemorato,
771 3591 986 3673 caeteroquin
1009 3590 1144 3676 ignoto,
1170 3595 1288 3654 orator
1307 3607 1378 3672 pro·

319 3706 452 3770 tulerat.
491 3705 615 3793 Utique
638 3729 703 3772 non
729 3710 836 3797 magis
857 3710 922 3774 crit
945 3708 1145 3792 mirandum,
1169 3729 1214 3774 ex
1229 3709 1377 3775 iaaccadio

317 3829 558 3892 semustilatum
587 3830 728 3914 aliquem
757 3830 920 3917 cffrcqtsae
951 3849 1046 3914 quam
1070 3850 1113 3895 ex
1136 3837 1312 3914 emptione
1332 3826 1376 3893 uci

316 3951 502 4028 societate,
535 3954 569 4014 ct
603 3954 725 4034 optime
757 3953 931 4034 conuenit,
965 3951 1053 4036 quod
1083 3951 1207 4017 exinde
1230 3954 1375 4018 continuo

315 4067 490 4132 subiicitur
511 4073 659 4135 narratio
675 4091 804 4157 eorum,
828 4092 912 4157 quae
928 4073 1053 4138 Fabius
1068 4077 1261 4157 parauerit,
1284 4087 1374 4160 quac·

317 4205 379 4268 que
410 4188 533 4255 iamiiia
563 4194 634 4257 eius
664 4196 696 4257 ui
717 4194 905 4260 hominibus
925 4196 1063 4260 armatis
1084 4199 1282 4282 coactisque
1304 4209 1370 4279 per·
