<?xml version="1.0" encoding="UTF-8"?>
<!DOCTYPE html PUBLIC "-//W3C//DTD XHTML 1.0 Transitional//EN"
    "http://www.w3.org/TR/xhtml1/DTD/xhtml1-transitional.dtd">
<html xmlns="http://www.w3.org/1999/xhtml" xml:lang="en" lang="en">
 <head>
  <title>
</title>
<meta http-equiv="Content-Type" content="text/html;charset=utf-8" />
  <meta name='ocr-system' content='tesseract 3.04.00' />
  <meta name='ocr-capabilities' content='ocr_page ocr_carea ocr_par ocr_line ocrx_word'/>
</head>
<body>
  <div class='ocr_page' id='page_1' title='image "./semestriumadmtu00kellgoog_0143.png"; bbox 0 0 3114 5046; ppageno 0'>
   <div class='ocr_carea' id='block_1_1' title="bbox 178 327 1240 430">
    <p class='ocr_par' dir='ltr' id='par_1_1' title="bbox 178 327 1240 430">
     <span class='ocr_line' id='line_1_1' title="bbox 178 327 1240 430; baseline -0.009 -24"><span class='ocrx_word' id='word_1_1' title='bbox 178 341 214 419; x_wconf 78' lang='lat' dir='ltr'><strong>s.</strong></span> <span class='ocrx_word' id='word_1_2' title='bbox 231 332 269 404; x_wconf 81' lang='lat'><strong>7.</strong></span> <span class='ocrx_word' id='word_1_3' title='bbox 297 329 359 404; x_wconf 62' lang='lat' dir='ltr'><strong>Aa</strong></span> <span class='ocrx_word' id='word_1_4' title='bbox 380 327 447 417; x_wconf 75' lang='grc' dir='ltr'><strong>θ’.</strong></span> <span class='ocrx_word' id='word_1_5' title='bbox 465 330 655 405; x_wconf 82' lang='lat' dir='ltr'><strong>absentem</strong></span> <span class='ocrx_word' id='word_1_6' title='bbox 671 338 773 405; x_wconf 82' lang='lat' dir='ltr'><strong>reeta</strong></span> <span class='ocrx_word' id='word_1_7' title='bbox 790 329 1002 430; x_wconf 75' lang='lat' dir='ltr'><strong>defenderit</strong></span> <span class='ocrx_word' id='word_1_8' title='bbox 1018 355 1146 409; x_wconf 78' lang='lat' dir='ltr'><strong>neate.</strong></span> <span class='ocrx_word' id='word_1_9' title='bbox 1179 334 1240 397; x_wconf 77' lang='lat' dir='ltr'><strong>ill</strong></span> 
     </span>
    </p>
   </div>
   <div class='ocr_carea' id='block_1_2' title="bbox 178 519 1406 631">
    <p class='ocr_par' dir='ltr' id='par_1_2' title="bbox 178 519 1406 631">
     <span class='ocr_line' id='line_1_2' title="bbox 178 519 1406 631; baseline 0.002 -45"><span class='ocrx_word' id='word_1_10' title='bbox 178 538 279 604; x_wconf 86' lang='lat' dir='ltr'><strong>posse</strong></span> <span class='ocrx_word' id='word_1_11' title='bbox 316 519 541 606; x_wconf 84' lang='lat' dir='ltr'><strong>promittendo</strong></span> <span class='ocrx_word' id='word_1_12' title='bbox 576 519 851 588; x_wconf 88' lang='lat' dir='ltr'><strong>contrabendoue</strong></span> <span class='ocrx_word' id='word_1_13' title='bbox 888 524 1126 612; x_wconf 77' lang='lat' dir='ltr'><strong>obligationem</strong></span> <span class='ocrx_word' id='word_1_14' title='bbox 1161 544 1241 591; x_wconf 89' lang='lat' dir='ltr'><strong>sus-</strong></span> <span class='ocrx_word' id='word_1_15' title='bbox 1259 534 1406 631; x_wconf 35' lang='grc' dir='ltr'><strong>,ἱππ-ω</strong></span> 
     </span>
    </p>
   </div>
   <div class='ocr_carea' id='block_1_3' title="bbox 1367 594 1405 633">
    <p class='ocr_par' dir='ltr' id='par_1_3' title="bbox 1367 594 1405 633">
     <span class='ocr_line' id='line_1_3' title="bbox 1367 594 1405 633; baseline 0.053 -2"><span class='ocrx_word' id='word_1_16' title='bbox 1367 594 1405 633; x_wconf 77' lang='lat' dir='ltr'><strong>‹lo-</strong></span> 
     </span>
    </p>
   </div>
   <div class='ocr_carea' id='block_1_4' title="bbox 177 642 1406 728">
    <p class='ocr_par' dir='ltr' id='par_1_4' title="bbox 177 642 1406 728">
     <span class='ocr_line' id='line_1_4' title="bbox 177 642 1406 728; baseline -0.016 -20"><span class='ocrx_word' id='word_1_17' title='bbox 177 642 301 728; x_wconf 85' lang='lat' dir='ltr'><strong>eipere.</strong></span> <span class='ocrx_word' id='word_1_18' title='bbox 1260 642 1406 691; x_wconf 62' lang='lat' dir='ltr'><strong>ussum..</strong></span> 
     </span>
    </p>
   </div>
   <div class='ocr_carea' id='block_1_5' title="bbox 171 829 1241 3959">
    <p class='ocr_par' dir='ltr' id='par_1_5' title="bbox 171 829 1241 2380">
     <span class='ocr_line' id='line_1_5' title="bbox 235 829 1240 920; baseline 0.002 -21"><span class='ocrx_word' id='word_1_19' title='bbox 235 829 344 899; x_wconf 87' lang='lat' dir='ltr'><strong>Mitto</strong></span> <span class='ocrx_word' id='word_1_20' title='bbox 372 829 458 897; x_wconf 87' lang='lat' dir='ltr'><strong>haee</strong></span> <span class='ocrx_word' id='word_1_21' title='bbox 486 848 560 899; x_wconf 87' lang='lat' dir='ltr'><strong>eom</strong></span> <span class='ocrx_word' id='word_1_22' title='bbox 589 850 650 917; x_wconf 90' lang='lat' dir='ltr'><strong>per</strong></span> <span class='ocrx_word' id='word_1_23' title='bbox 675 850 713 898; x_wconf 89' lang='lat' dir='ltr'><strong>se</strong></span> <span class='ocrx_word' id='word_1_24' title='bbox 739 833 854 898; x_wconf 89' lang='lat' dir='ltr'><strong>lnanla</strong></span> <span class='ocrx_word' id='word_1_25' title='bbox 890 836 959 897; x_wconf 91' lang='lat' dir='ltr'><strong>tum</strong></span> <span class='ocrx_word' id='word_1_26' title='bbox 987 836 1150 899; x_wconf 89' lang='lat' dir='ltr'><strong>orationis</strong></span> <span class='ocrx_word' id='word_1_27' title='bbox 1178 855 1240 920; x_wconf 91' lang='lat' dir='ltr'><strong>pro</strong></span> 
     </span>
     <span class='ocr_line' id='line_1_6' title="bbox 176 948 1241 1043; baseline 0.005 -26"><span class='ocrx_word' id='word_1_28' title='bbox 176 948 356 1038; x_wconf 77' lang='lat' dir='ltr'><strong>Quinctio,</strong></span> <span class='ocrx_word' id='word_1_29' title='bbox 390 954 588 1039; x_wconf 85' lang='lat' dir='ltr'><strong>praesertim</strong></span> <span class='ocrx_word' id='word_1_30' title='bbox 624 954 848 1043; x_wconf 90' lang='lat' dir='ltr'><strong>narrationls,</strong></span> <span class='ocrx_word' id='word_1_31' title='bbox 877 957 1068 1020; x_wconf 89' lang='lat' dir='ltr'><strong>testimonio</strong></span> <span class='ocrx_word' id='word_1_32' title='bbox 1090 954 1241 1022; x_wconf 81' lang='lat' dir='ltr'><strong>funditus</strong></span> 
     </span>
     <span class='ocr_line' id='line_1_7' title="bbox 175 1073 1240 1165; baseline 0.006 -28"><span class='ocrx_word' id='word_1_33' title='bbox 175 1073 350 1139; x_wconf 86' lang='lat' dir='ltr'><strong>destltuta.</strong></span> <span class='ocrx_word' id='word_1_34' title='bbox 404 1074 462 1140; x_wconf 86' lang='lat' dir='ltr'><strong>Ad</strong></span> <span class='ocrx_word' id='word_1_35' title='bbox 483 1076 581 1141; x_wconf 83' lang='lat' dir='ltr'><strong>aliam</strong></span> <span class='ocrx_word' id='word_1_36' title='bbox 602 1077 790 1161; x_wconf 77' lang='lat' dir='ltr'><strong>opinionem</strong></span> <span class='ocrx_word' id='word_1_37' title='bbox 811 1077 928 1163; x_wconf 84' lang='lat' dir='ltr'><strong>uenio,</strong></span> <span class='ocrx_word' id='word_1_38' title='bbox 958 1095 1072 1142; x_wconf 87' lang='lat' dir='ltr'><strong>eorum</strong></span> <span class='ocrx_word' id='word_1_39' title='bbox 1093 1079 1240 1165; x_wconf 86' lang='lat' dir='ltr'><strong>seilicet,</strong></span> 
     </span>
     <span class='ocr_line' id='line_1_8' title="bbox 175 1194 1240 1281; baseline 0.005 -22"><span class='ocrx_word' id='word_1_40' title='bbox 175 1199 227 1281; x_wconf 85' lang='lat' dir='ltr'><strong>qul</strong></span> <span class='ocrx_word' id='word_1_41' title='bbox 250 1194 462 1280; x_wconf 82' lang='lat' dir='ltr'><strong>speciosiore</strong></span> <span class='ocrx_word' id='word_1_42' title='bbox 482 1199 576 1263; x_wconf 83' lang='lat' dir='ltr'><strong>certe</strong></span> <span class='ocrx_word' id='word_1_43' title='bbox 596 1199 729 1264; x_wconf 87' lang='lat' dir='ltr'><strong>ratione</strong></span> <span class='ocrx_word' id='word_1_44' title='bbox 751 1197 795 1263; x_wconf 89' lang='lat' dir='ltr'><strong>ad</strong></span> <span class='ocrx_word' id='word_1_45' title='bbox 815 1199 869 1263; x_wconf 88' lang='lat' dir='ltr'><strong>ius</strong></span> <span class='ocrx_word' id='word_1_46' title='bbox 889 1215 1060 1264; x_wconf 86' lang='lat' dir='ltr'><strong>commune</strong></span> <span class='ocrx_word' id='word_1_47' title='bbox 1088 1216 1127 1264; x_wconf 85' lang='lat' dir='ltr'><strong>se</strong></span> <span class='ocrx_word' id='word_1_48' title='bbox 1154 1217 1240 1265; x_wconf 91' lang='lat' dir='ltr'><strong>oon-</strong></span> 
     </span>
     <span class='ocr_line' id='line_1_9' title="bbox 174 1318 1241 1407; baseline 0.003 -25"><span class='ocrx_word' id='word_1_49' title='bbox 174 1318 342 1405; x_wconf 88' lang='lat' dir='ltr'><strong>tuleront,</strong></span> <span class='ocrx_word' id='word_1_50' title='bbox 373 1337 481 1405; x_wconf 86' lang='lat' dir='ltr'><strong>eoque</strong></span> <span class='ocrx_word' id='word_1_51' title='bbox 503 1319 643 1385; x_wconf 86' lang='lat' dir='ltr'><strong>consilio</strong></span> <span class='ocrx_word' id='word_1_52' title='bbox 666 1318 755 1407; x_wconf 87' lang='lat' dir='ltr'><strong>quod</strong></span> <span class='ocrx_word' id='word_1_53' title='bbox 778 1319 924 1385; x_wconf 85' lang='lat' dir='ltr'><strong>Alfenus</strong></span> <span class='ocrx_word' id='word_1_54' title='bbox 943 1320 1123 1386; x_wconf 86' lang='lat' dir='ltr'><strong>recusandi</strong></span> <span class='ocrx_word' id='word_1_55' title='bbox 1144 1322 1241 1405; x_wconf 89' lang='lat' dir='ltr'><strong>prin·</strong></span> 
     </span>
     <span class='ocr_line' id='line_1_10' title="bbox 174 1439 1240 1529; baseline 0.003 -24"><span class='ocrx_word' id='word_1_56' title='bbox 174 1439 294 1525; x_wconf 90' lang='lat' dir='ltr'><strong>eipium</strong></span> <span class='ocrx_word' id='word_1_57' title='bbox 318 1441 470 1524; x_wconf 82' lang='lat' dir='ltr'><strong>posuisse</strong></span> <span class='ocrx_word' id='word_1_58' title='bbox 492 1440 614 1507; x_wconf 87' lang='lat' dir='ltr'><strong>dieitur</strong></span> <span class='ocrx_word' id='word_1_59' title='bbox 634 1440 906 1529; x_wconf 86' lang='lat' dir='ltr'><strong>uindicauerunt,</strong></span> <span class='ocrx_word' id='word_1_60' title='bbox 927 1445 964 1505; x_wconf 94' lang='lat' dir='ltr'><strong>ut</strong></span> <span class='ocrx_word' id='word_1_61' title='bbox 985 1442 1155 1507; x_wconf 88' lang='lat' dir='ltr'><strong>anteriore</strong></span> <span class='ocrx_word' id='word_1_62' title='bbox 1176 1440 1240 1508; x_wconf 88' lang='lat' dir='ltr'><strong>hae</strong></span> 
     </span>
     <span class='ocr_line' id='line_1_11' title="bbox 175 1556 1240 1649; baseline 0.002 -24"><span class='ocrx_word' id='word_1_63' title='bbox 175 1556 358 1628; x_wconf 61' lang='lat' dir='ltr'><strong>commo</strong></span> <span class='ocrx_word' id='word_1_64' title='bbox 392 1565 507 1628; x_wconf 86' lang='lat' dir='ltr'><strong>aetate</strong></span> <span class='ocrx_word' id='word_1_65' title='bbox 539 1561 705 1629; x_wconf 87' lang='lat' dir='ltr'><strong>diuersum</strong></span> <span class='ocrx_word' id='word_1_66' title='bbox 740 1564 952 1649; x_wconf 87' lang='lat' dir='ltr'><strong>aliquatenus</strong></span> <span class='ocrx_word' id='word_1_67' title='bbox 987 1567 1240 1648; x_wconf 81' lang='lat' dir='ltr'><strong>procuratorum</strong></span> 
     </span>
     <span class='ocr_line' id='line_1_12' title="bbox 171 1683 1239 1772; baseline 0.003 -27"><span class='ocrx_word' id='word_1_68' title='bbox 171 1683 222 1749; x_wconf 89' lang='lat' dir='ltr'><strong>lus</strong></span> <span class='ocrx_word' id='word_1_69' title='bbox 244 1684 435 1749; x_wconf 79' lang='lat' dir='ltr'><strong>obtinuisse</strong></span> <span class='ocrx_word' id='word_1_70' title='bbox 455 1686 663 1772; x_wconf 80' lang='lat' dir='ltr'><strong>statuerent,</strong></span> <span class='ocrx_word' id='word_1_71' title='bbox 692 1686 860 1771; x_wconf 74' lang='lat' dir='ltr'><strong>uenisque</strong></span> <span class='ocrx_word' id='word_1_72' title='bbox 887 1688 1141 1770; x_wconf 86' lang='lat' dir='ltr'><strong>procuratorum</strong></span> <span class='ocrx_word' id='word_1_73' title='bbox 1162 1685 1239 1769; x_wconf 86' lang='lat' dir='ltr'><strong>qui-</strong></span> 
     </span>
     <span class='ocr_line' id='line_1_13' title="bbox 172 1803 1239 1894; baseline 0 -24"><span class='ocrx_word' id='word_1_74' title='bbox 172 1803 314 1870; x_wconf 85' lang='lat' dir='ltr'><strong>busdam</strong></span> <span class='ocrx_word' id='word_1_75' title='bbox 340 1805 523 1894; x_wconf 83' lang='lat' dir='ltr'><strong>generibus</strong></span> <span class='ocrx_word' id='word_1_76' title='bbox 550 1805 707 1874; x_wconf 87' lang='lat' dir='ltr'><strong>diseretis</strong></span> <span class='ocrx_word' id='word_1_77' title='bbox 734 1826 835 1871; x_wconf 90' lang='lat' dir='ltr'><strong>unum</strong></span> <span class='ocrx_word' id='word_1_78' title='bbox 862 1805 997 1892; x_wconf 78' lang='lat' dir='ltr'><strong>aliquod</strong></span> <span class='ocrx_word' id='word_1_79' title='bbox 1018 1809 1239 1891; x_wconf 76' lang='lat' dir='ltr'><strong>seponerem,</strong></span> 
     </span>
     <span class='ocr_line' id='line_1_14' title="bbox 172 1925 1238 2011; baseline -0.002 -20"><span class='ocrx_word' id='word_1_80' title='bbox 172 1925 261 2011; x_wconf 82' lang='lat' dir='ltr'><strong>quod</strong></span> <span class='ocrx_word' id='word_1_81' title='bbox 290 1927 337 1992; x_wconf 80' lang='lat' dir='ltr'><strong>od</strong></span> <span class='ocrx_word' id='word_1_82' title='bbox 364 1926 550 1993; x_wconf 88' lang='lat' dir='ltr'><strong>satisdandi</strong></span> <span class='ocrx_word' id='word_1_83' title='bbox 579 1930 817 1995; x_wconf 86' lang='lat' dir='ltr'><strong>necessitatem</strong></span> <span class='ocrx_word' id='word_1_84' title='bbox 843 1930 925 1993; x_wconf 91' lang='lat' dir='ltr'><strong>tuno</strong></span> <span class='ocrx_word' id='word_1_85' title='bbox 947 1944 988 1992; x_wconf 88' lang='lat' dir='ltr'><strong>eo</strong></span> <span class='ocrx_word' id='word_1_86' title='bbox 1010 1927 1085 1992; x_wconf 89' lang='lat' dir='ltr'><strong>loeo</strong></span> <span class='ocrx_word' id='word_1_87' title='bbox 1108 1929 1238 1992; x_wconf 88' lang='lat' dir='ltr'><strong>eonsti-</strong></span> 
     </span>
     <span class='ocr_line' id='line_1_15' title="bbox 171 2048 1239 2138; baseline 0.001 -27"><span class='ocrx_word' id='word_1_88' title='bbox 171 2049 279 2112; x_wconf 87' lang='lat' dir='ltr'><strong>tuturo</strong></span> <span class='ocrx_word' id='word_1_89' title='bbox 300 2048 440 2135; x_wconf 82' lang='lat' dir='ltr'><strong>fuisset,</strong></span> <span class='ocrx_word' id='word_1_90' title='bbox 472 2069 538 2134; x_wconf 86' lang='lat' dir='ltr'><strong>quo</strong></span> <span class='ocrx_word' id='word_1_91' title='bbox 560 2051 678 2116; x_wconf 86' lang='lat' dir='ltr'><strong>merito</strong></span> <span class='ocrx_word' id='word_1_92' title='bbox 700 2049 848 2115; x_wconf 83' lang='lat' dir='ltr'><strong>Alienus</strong></span> <span class='ocrx_word' id='word_1_93' title='bbox 873 2050 1054 2138; x_wconf 81' lang='lat' dir='ltr'><strong>aepasset,</strong></span> <span class='ocrx_word' id='word_1_94' title='bbox 1090 2065 1239 2137; x_wconf 70' lang='lat' dir='ltr'><strong>asparem</strong></span> 
     </span>
     <span class='ocr_line' id='line_1_16' title="bbox 171 2170 1238 2261; baseline 0 -27"><span class='ocrx_word' id='word_1_95' title='bbox 171 2187 244 2235; x_wconf 85' lang='lat' dir='ltr'><strong>esse</strong></span> <span class='ocrx_word' id='word_1_96' title='bbox 266 2174 533 2255; x_wconf 68' lang='lat' dir='ltr'><strong>promotorem</strong></span> <span class='ocrx_word' id='word_1_97' title='bbox 553 2172 749 2261; x_wconf 83' lang='lat' dir='ltr'><strong>satisdare,</strong></span> <span class='ocrx_word' id='word_1_98' title='bbox 771 2171 862 2261; x_wconf 87' lang='lat' dir='ltr'><strong>paod</strong></span> <span class='ocrx_word' id='word_1_99' title='bbox 881 2187 962 2237; x_wconf 81' lang='lat' dir='ltr'><strong>reas</strong></span> <span class='ocrx_word' id='word_1_100' title='bbox 976 2170 1153 2237; x_wconf 75' lang='lat' dir='ltr'><strong>satisdare</strong></span> <span class='ocrx_word' id='word_1_101' title='bbox 1166 2186 1238 2235; x_wconf 78' lang='lat' dir='ltr'><strong>raon</strong></span> 
     </span>
     <span class='ocr_line' id='line_1_17' title="bbox 172 2290 651 2380; baseline 0.004 -25"><span class='ocrx_word' id='word_1_102' title='bbox 172 2290 329 2380; x_wconf 86' lang='lat' dir='ltr'><strong>deberet,</strong></span> <span class='ocrx_word' id='word_1_103' title='bbox 349 2294 382 2358; x_wconf 82' lang='lat' dir='ltr'><strong>rt</strong></span> <span class='ocrx_word' id='word_1_104' title='bbox 402 2296 478 2380; x_wconf 82' lang='lat' dir='ltr'><strong>lpse</strong></span> <span class='ocrx_word' id='word_1_105' title='bbox 499 2292 651 2359; x_wconf 75' lang='lat' dir='ltr'><strong>adesset.</strong></span> 
     </span>
    </p>

    <p class='ocr_par' dir='ltr' id='par_1_6' title="bbox 234 2404 1235 2501">
     <span class='ocr_line' id='line_1_18' title="bbox 234 2404 1235 2501; baseline 0.004 -27"><span class='ocrx_word' id='word_1_106' title='bbox 234 2407 362 2494; x_wconf 79' lang='lat' dir='ltr'><strong>«Quod</strong></span> <span class='ocrx_word' id='word_1_107' title='bbox 392 2413 444 2480; x_wconf 87' lang='lat' dir='ltr'><strong>sle</strong></span> <span class='ocrx_word' id='word_1_108' title='bbox 470 2412 603 2480; x_wconf 88' lang='lat' dir='ltr'><strong>uidetur</strong></span> <span class='ocrx_word' id='word_1_109' title='bbox 630 2404 702 2495; x_wconf 86' lang='lat' dir='ltr'><strong>(alt</strong></span> <span class='ocrx_word' id='word_1_110' title='bbox 733 2407 923 2501; x_wconf 62' lang='lat' dir='ltr'><strong>beaw),</strong></span> <span class='ocrx_word' id='word_1_111' title='bbox 957 2415 1103 2500; x_wconf 89' lang='lat' dir='ltr'><strong>primus,</strong></span> <span class='ocrx_word' id='word_1_112' title='bbox 1138 2431 1235 2499; x_wconf 85' lang='lat' dir='ltr'><strong>quem</strong></span> 
     </span>
    </p>

    <p class='ocr_par' dir='ltr' id='par_1_7' title="bbox 232 2526 1234 2623">
     <span class='ocr_line' id='line_1_19' title="bbox 232 2526 1234 2623; baseline 0.001 -26"><span class='ocrx_word' id='word_1_113' title='bbox 232 2534 418 2600; x_wconf 89' lang='lat' dir='ltr'><strong>inuenerlm</strong></span> <span class='ocrx_word' id='word_1_114' title='bbox 447 2536 520 2601; x_wconf 89' lang='lat' dir='ltr'><strong>elus</strong></span> <span class='ocrx_word' id='word_1_115' title='bbox 547 2537 690 2602; x_wconf 90' lang='lat' dir='ltr'><strong>rationis</strong></span> <span class='ocrx_word' id='word_1_116' title='bbox 715 2526 910 2616; x_wconf 83' lang='lat' dir='ltr'><strong>auctorem]</strong></span> <span class='ocrx_word' id='word_1_117' title='bbox 942 2534 1234 2623; x_wconf 71' lang='lat' dir='ltr'><strong>«intelligendum</strong></span> 
     </span>
    </p>

    <p class='ocr_par' dir='ltr' id='par_1_8' title="bbox 236 2652 1233 2745">
     <span class='ocr_line' id='line_1_20' title="bbox 236 2652 1233 2745; baseline 0.003 -28"><span class='ocrx_word' id='word_1_118' title='bbox 236 2652 464 2742; x_wconf 75' lang='lat' dir='ltr'><strong>«deserasores</strong></span> <span class='ocrx_word' id='word_1_119' title='bbox 479 2656 626 2745; x_wconf 87' lang='lat' dir='ltr'><strong>quidem,</strong></span> <span class='ocrx_word' id='word_1_120' title='bbox 643 2659 731 2744; x_wconf 88' lang='lat' dir='ltr'><strong>siue,</strong></span> <span class='ocrx_word' id='word_1_121' title='bbox 747 2661 784 2723; x_wconf 92' lang='lat' dir='ltr'><strong>ut</strong></span> <span class='ocrx_word' id='word_1_122' title='bbox 797 2661 879 2723; x_wconf 90' lang='lat' dir='ltr'><strong>tune</strong></span> <span class='ocrx_word' id='word_1_123' title='bbox 892 2656 1130 2743; x_wconf 80' lang='lat' dir='ltr'><strong>loquebantur,</strong></span> <span class='ocrx_word' id='word_1_124' title='bbox 1147 2674 1233 2742; x_wconf 86' lang='lat' dir='ltr'><strong>pro-</strong></span> 
     </span>
    </p>

    <p class='ocr_par' dir='ltr' id='par_1_9' title="bbox 236 2777 1234 2870">
     <span class='ocr_line' id='line_1_21' title="bbox 236 2777 1234 2870; baseline -0.001 -26"><span class='ocrx_word' id='word_1_125' title='bbox 236 2783 443 2846; x_wconf 82' lang='lat' dir='ltr'><strong>·earatores</strong></span> <span class='ocrx_word' id='word_1_126' title='bbox 463 2778 701 2870; x_wconf 74' lang='lat' dir='ltr'><strong>aotaotartos,</strong></span> <span class='ocrx_word' id='word_1_127' title='bbox 724 2781 779 2865; x_wconf 85' lang='lat' dir='ltr'><strong>qui</strong></span> <span class='ocrx_word' id='word_1_128' title='bbox 795 2798 856 2845; x_wconf 84' lang='lat' dir='ltr'><strong>sua</strong></span> <span class='ocrx_word' id='word_1_129' title='bbox 869 2782 991 2863; x_wconf 87' lang='lat' dir='ltr'><strong>sponte</strong></span> <span class='ocrx_word' id='word_1_130' title='bbox 1005 2778 1156 2844; x_wconf 88' lang='lat' dir='ltr'><strong>absentis</strong></span> <span class='ocrx_word' id='word_1_131' title='bbox 1171 2777 1234 2843; x_wconf 93' lang='lat' dir='ltr'><strong>de-</strong></span> 
     </span>
    </p>

    <p class='ocr_par' dir='ltr' id='par_1_10' title="bbox 238 2899 1234 2988">
     <span class='ocr_line' id='line_1_22' title="bbox 238 2899 1234 2988; baseline -0.001 -24"><span class='ocrx_word' id='word_1_132' title='bbox 238 2899 447 2965; x_wconf 69' lang='lat' dir='ltr'><strong>ciensionem</strong></span> <span class='ocrx_word' id='word_1_133' title='bbox 469 2902 696 2988; x_wconf 81' lang='lat' dir='ltr'><strong>susciperent,</strong></span> <span class='ocrx_word' id='word_1_134' title='bbox 718 2901 884 2966; x_wconf 87' lang='lat' dir='ltr'><strong>satisdare</strong></span> <span class='ocrx_word' id='word_1_135' title='bbox 906 2900 1045 2984; x_wconf 84' lang='lat' dir='ltr'><strong>debere3</strong></span> <span class='ocrx_word' id='word_1_136' title='bbox 1076 2903 1234 2985; x_wconf 78' lang='lat' dir='ltr'><strong>coprtlto-</strong></span> 
     </span>
    </p>

    <p class='ocr_par' dir='ltr' id='par_1_11' title="bbox 238 3019 1234 3108">
     <span class='ocr_line' id='line_1_23' title="bbox 238 3019 1234 3108; baseline 0.004 -29"><span class='ocrx_word' id='word_1_137' title='bbox 238 3039 351 3105; x_wconf 77' lang='lat' dir='ltr'><strong>«rem,</strong></span> <span class='ocrx_word' id='word_1_138' title='bbox 379 3019 423 3085; x_wconf 87' lang='lat' dir='ltr'><strong>ad</strong></span> <span class='ocrx_word' id='word_1_139' title='bbox 452 3023 577 3087; x_wconf 84' lang='lat' dir='ltr'><strong>eertum</strong></span> <span class='ocrx_word' id='word_1_140' title='bbox 604 3041 673 3087; x_wconf 89' lang='lat' dir='ltr'><strong>rem</strong></span> <span class='ocrx_word' id='word_1_141' title='bbox 701 3022 947 3108; x_wconf 82' lang='lat' dir='ltr'><strong>suscipiendam</strong></span> <span class='ocrx_word' id='word_1_142' title='bbox 973 3040 994 3086; x_wconf 92' lang='lat' dir='ltr'><strong>a</strong></span> <span class='ocrx_word' id='word_1_143' title='bbox 1022 3040 1082 3086; x_wconf 87' lang='lat' dir='ltr'><strong>reo</strong></span> <span class='ocrx_word' id='word_1_144' title='bbox 1105 3020 1234 3103; x_wconf 87' lang='lat' dir='ltr'><strong>datum,</strong></span> 
     </span>
    </p>

    <p class='ocr_par' dir='ltr' id='par_1_12' title="bbox 240 3141 1233 3230">
     <span class='ocr_line' id='line_1_24' title="bbox 240 3141 1233 3230; baseline 0.007 -30"><span class='ocrx_word' id='word_1_145' title='bbox 240 3161 329 3206; x_wconf 73' lang='lat' dir='ltr'><strong>«non</strong></span> <span class='ocrx_word' id='word_1_146' title='bbox 351 3143 461 3227; x_wconf 78' lang='lat' dir='ltr'><strong>accipi</strong></span> <span class='ocrx_word' id='word_1_147' title='bbox 481 3142 555 3207; x_wconf 87' lang='lat' dir='ltr'><strong>sine</strong></span> <span class='ocrx_word' id='word_1_148' title='bbox 577 3141 697 3208; x_wconf 86' lang='lat' dir='ltr'><strong>domini</strong></span> <span class='ocrx_word' id='word_1_149' title='bbox 720 3144 958 3230; x_wconf 76' lang='lat' dir='ltr'><strong>satisdatione,</strong></span> <span class='ocrx_word' id='word_1_150' title='bbox 984 3144 1083 3208; x_wconf 90' lang='lat' dir='ltr'><strong>etlam</strong></span> <span class='ocrx_word' id='word_1_151' title='bbox 1104 3160 1233 3225; x_wconf 86' lang='lat' dir='ltr'><strong>proca-</strong></span> 
     </span>
    </p>

    <p class='ocr_par' dir='ltr' id='par_1_13' title="bbox 242 3264 1233 3352">
     <span class='ocr_line' id='line_1_25' title="bbox 242 3264 1233 3352; baseline 0.009 -31"><span class='ocrx_word' id='word_1_152' title='bbox 242 3267 432 3350; x_wconf 78' lang='lat' dir='ltr'><strong>·ratorem,</strong></span> <span class='ocrx_word' id='word_1_153' title='bbox 464 3283 564 3352; x_wconf 82' lang='lat' dir='ltr'><strong>poem</strong></span> <span class='ocrx_word' id='word_1_154' title='bbox 583 3264 687 3351; x_wconf 80' lang='lat' dir='ltr'><strong>raalpo</strong></span> <span class='ocrx_word' id='word_1_155' title='bbox 717 3267 888 3352; x_wconf 78' lang='lat' dir='ltr'><strong>dicerent,</strong></span> <span class='ocrx_word' id='word_1_156' title='bbox 923 3266 972 3331; x_wconf 90' lang='lat' dir='ltr'><strong>ad</strong></span> <span class='ocrx_word' id='word_1_157' title='bbox 999 3269 1132 3331; x_wconf 85' lang='lat' dir='ltr'><strong>certam</strong></span> <span class='ocrx_word' id='word_1_158' title='bbox 1158 3282 1233 3330; x_wconf 80' lang='lat' dir='ltr'><strong>rent</strong></span> 
     </span>
    </p>

    <p class='ocr_par' dir='ltr' id='par_1_14' title="bbox 242 3381 1231 3468">
     <span class='ocr_line' id='line_1_26' title="bbox 242 3381 1231 3468; baseline 0.002 -20"><span class='ocrx_word' id='word_1_159' title='bbox 242 3381 522 3468; x_wconf 72' lang='lat' dir='ltr'><strong>«defendendam</strong></span> <span class='ocrx_word' id='word_1_160' title='bbox 552 3406 575 3450; x_wconf 89' lang='lat' dir='ltr'><strong>a</strong></span> <span class='ocrx_word' id='word_1_161' title='bbox 608 3403 667 3450; x_wconf 92' lang='lat' dir='ltr'><strong>reo</strong></span> <span class='ocrx_word' id='word_1_162' title='bbox 699 3386 842 3452; x_wconf 83' lang='lat' dir='ltr'><strong>absente</strong></span> <span class='ocrx_word' id='word_1_163' title='bbox 878 3389 1105 3452; x_wconf 75' lang='lat' dir='ltr'><strong>eorntttatam</strong></span> <span class='ocrx_word' id='word_1_164' title='bbox 1139 3388 1231 3450; x_wconf 86' lang='lat' dir='ltr'><strong>reete</strong></span> 
     </span>
    </p>

    <p class='ocr_par' dir='ltr' id='par_1_15' title="bbox 243 3502 1232 3594">
     <span class='ocr_line' id='line_1_27' title="bbox 243 3502 1232 3594; baseline 0.003 -25"><span class='ocrx_word' id='word_1_165' title='bbox 243 3503 442 3570; x_wconf 69' lang='lat' dir='ltr'><strong>«aronam</strong></span> <span class='ocrx_word' id='word_1_166' title='bbox 463 3509 644 3571; x_wconf 72' lang='lat' dir='ltr'><strong>asarenam</strong></span> <span class='ocrx_word' id='word_1_167' title='bbox 665 3502 937 3573; x_wconf 77' lang='lat' dir='ltr'><strong>Procuratorem</strong></span> <span class='ocrx_word' id='word_1_168' title='bbox 954 3512 991 3572; x_wconf 89' lang='lat' dir='ltr'><strong>et</strong></span> <span class='ocrx_word' id='word_1_169' title='bbox 1006 3505 1157 3594; x_wconf 79' lang='lat' dir='ltr'><strong>teptttme</strong></span> <span class='ocrx_word' id='word_1_170' title='bbox 1178 3511 1232 3572; x_wconf 87' lang='lat' dir='ltr'><strong>tta</strong></span> 
     </span>
    </p>

    <p class='ocr_par' dir='ltr' id='par_1_16' title="bbox 246 3626 1231 3716">
     <span class='ocr_line' id='line_1_28' title="bbox 246 3626 1231 3716; baseline 0.003 -27"><span class='ocrx_word' id='word_1_171' title='bbox 246 3626 395 3692; x_wconf 77' lang='lat' dir='ltr'><strong>«dictam</strong></span> <span class='ocrx_word' id='word_1_172' title='bbox 416 3630 570 3692; x_wconf 83' lang='lat' dir='ltr'><strong>amatam</strong></span> <span class='ocrx_word' id='word_1_173' title='bbox 595 3645 712 3693; x_wconf 81' lang='lat' dir='ltr'><strong>renam</strong></span> <span class='ocrx_word' id='word_1_174' title='bbox 737 3628 848 3716; x_wconf 79' lang='lat' dir='ltr'><strong>illias,</strong></span> <span class='ocrx_word' id='word_1_175' title='bbox 880 3632 938 3716; x_wconf 84' lang='lat' dir='ltr'><strong>pat</strong></span> <span class='ocrx_word' id='word_1_176' title='bbox 961 3633 1000 3694; x_wconf 82' lang='lat' dir='ltr'><strong>to</strong></span> <span class='ocrx_word' id='word_1_177' title='bbox 1025 3627 1136 3693; x_wconf 75' lang='lat' dir='ltr'><strong>ltalia</strong></span> <span class='ocrx_word' id='word_1_178' title='bbox 1161 3647 1231 3692; x_wconf 76' lang='lat' dir='ltr'><strong>raon</strong></span> 
     </span>
    </p>

    <p class='ocr_par' dir='ltr' id='par_1_17' title="bbox 247 3748 1231 3834">
     <span class='ocr_line' id='line_1_29' title="bbox 247 3748 1231 3834; baseline 0.001 -26"><span class='ocrx_word' id='word_1_179' title='bbox 247 3752 370 3833; x_wconf 69' lang='lat' dir='ltr'><strong>cesset,</strong></span> <span class='ocrx_word' id='word_1_180' title='bbox 405 3749 500 3834; x_wconf 85' lang='lat' dir='ltr'><strong>quasi</strong></span> <span class='ocrx_word' id='word_1_181' title='bbox 522 3749 663 3814; x_wconf 84' lang='lat' dir='ltr'><strong>altorum</strong></span> <span class='ocrx_word' id='word_1_182' title='bbox 691 3748 861 3834; x_wconf 87' lang='lat' dir='ltr'><strong>quemdam</strong></span> <span class='ocrx_word' id='word_1_183' title='bbox 889 3748 1052 3813; x_wconf 89' lang='lat' dir='ltr'><strong>dominum</strong></span> <span class='ocrx_word' id='word_1_184' title='bbox 1075 3754 1108 3814; x_wconf 92' lang='lat' dir='ltr'><strong>et</strong></span> <span class='ocrx_word' id='word_1_185' title='bbox 1131 3749 1231 3813; x_wconf 90' lang='lat' dir='ltr'><strong>alieni</strong></span> 
     </span>
    </p>

    <p class='ocr_par' dir='ltr' id='par_1_18' title="bbox 248 3867 1231 3959">
     <span class='ocr_line' id='line_1_30' title="bbox 248 3867 1231 3959; baseline 0.007 -32"><span class='ocrx_word' id='word_1_186' title='bbox 248 3867 343 3933; x_wconf 79' lang='lat' dir='ltr'><strong>«iuris</strong></span> <span class='ocrx_word' id='word_1_187' title='bbox 363 3869 539 3954; x_wconf 66' lang='lat' dir='ltr'><strong>niomium,</strong></span> <span class='ocrx_word' id='word_1_188' title='bbox 560 3889 631 3935; x_wconf 82' lang='lat' dir='ltr'><strong>aaa</strong></span> <span class='ocrx_word' id='word_1_189' title='bbox 651 3875 763 3955; x_wconf 83' lang='lat' dir='ltr'><strong>mapts</strong></span> <span class='ocrx_word' id='word_1_190' title='bbox 784 3872 961 3936; x_wconf 78' lang='lat' dir='ltr'><strong>satisdare</strong></span> <span class='ocrx_word' id='word_1_191' title='bbox 984 3871 1107 3936; x_wconf 84' lang='lat' dir='ltr'><strong>debere</strong></span> <span class='ocrx_word' id='word_1_192' title='bbox 1128 3889 1231 3959; x_wconf 76' lang='lat' dir='ltr'><strong>parcam</strong></span> 
     </span>
    </p>
   </div>
   <div class='ocr_carea' id='block_1_6' title="bbox 230 4163 507 4238">
    <p class='ocr_par' dir='ltr' id='par_1_19' title="bbox 230 4163 507 4238">
     <span class='ocr_line' id='line_1_31' title="bbox 230 4163 507 4238; baseline -0.022 -8"><span class='ocrx_word' id='word_1_193' title='bbox 230 4163 249 4230; x_wconf 78' lang='lat'><strong>⁹)</strong></span> <span class='ocrx_word' id='word_1_194' title='bbox 263 4169 279 4223; x_wconf 89' lang='grc' dir='ltr'><strong>Ι.</strong></span> <span class='ocrx_word' id='word_1_195' title='bbox 295 4186 318 4223; x_wconf 84' lang='lat' dir='ltr'><strong>o.</strong></span> <span class='ocrx_word' id='word_1_196' title='bbox 339 4190 364 4237; x_wconf 91' lang='lat' dir='ltr'><strong>p.</strong></span> <span class='ocrx_word' id='word_1_197' title='bbox 384 4175 429 4225; x_wconf 83' lang='lat'><strong>51.</strong></span> <span class='ocrx_word' id='word_1_198' title='bbox 449 4188 507 4238; x_wconf 83' lang='lat' dir='ltr'><strong>seq.</strong></span> 
     </span>
    </p>
   </div>
   <div class='ocr_carea' id='block_1_7' title="bbox 0 0 1562 5046">
    <p class='ocr_par' dir='ltr' id='par_1_20' title="bbox 0 0 1562 5046">
     <span class='ocr_line' id='line_1_32' title="bbox 0 0 1562 5046; baseline 0 0"><span class='ocrx_word' id='word_1_199' title='bbox 0 0 1562 5046; x_wconf 95' lang='lat' dir='ltr'><strong> </strong></span> 
     </span>
    </p>
   </div>
  </div>
 </body>
</html>
