3114 5046
337 396 398 459 iiii
443 392 538 496 Gap.
564 395 600 470 1.
653 393 714 471 De
738 398 824 472 iore
849 418 1010 472 caussae
1038 391 1304 483 Quinetiam.

169 594 316 691 ⁸32:pr
335 586 369 651 in
391 586 552 651 communi
574 585 655 650 iuris
675 587 808 650 ratione
827 586 979 651 inuenire
999 585 1063 650 sibi
1088 583 1284 650 uiderentur
1312 601 1402 670 quae

169 708 316 750 ”wi-“¹²
334 705 494 772 Alienum
520 708 612 771 nullo
642 708 751 773 iustae
781 705 986 774 defensionis
1012 705 1212 773 detrimento
1240 723 1263 773 a
1292 707 1401 773 satis-

335 826 447 893 dando
469 828 681 894 liberassent.

399 946 545 1030 Quorum
567 951 692 1034 primus
714 948 843 1035 quidem
871 942 1125 1026 Hotomonur⁶i
1154 967 1282 1015 omnem
1308 949 1402 1014 illam

335 1073 378 1140 de
399 1069 596 1136 satisdando
618 1074 880 1139 controuersiam
901 1075 952 1140 sie
973 1072 1137 1157 explieat:

396 1192 559 1259 Naeuium
593 1193 712 1258 statuit
740 1193 811 1259 iure
836 1194 1080 1280 postulaturum
1115 1193 1238 1274 fuisse,
1270 1193 1309 1257 ut
1330 1187 1401 1256 Al-

334 1313 439 1395 fenur
459 1319 535 1401 ipse
555 1333 618 1380 roo
639 1318 779 1380 nomine
799 1316 1008 1405 satisdaret,
1029 1314 1225 1381 iudicatum
1244 1333 1270 1378 o
1284 1311 1402 1396 Quina-

336 1439 406 1502 ctto
427 1434 580 1501 solutam
599 1439 662 1501 iri:
684 1438 799 1521 atquin
816 1437 977 1503 Naeuium
992 1435 1026 1500 id
1042 1436 1149 1524 magis
1163 1435 1403 1520 postulauisse,

335 1560 377 1622 ut
410 1553 567 1639 Quilictli
596 1561 736 1624 nomine
770 1554 922 1642 Alfenus
949 1557 1164 1647 satisdaret,
1198 1553 1404 1637 Qrtiaotium

335 1677 530 1744 iudicatum
550 1677 745 1744 solutionem
766 1697 860 1764 esre,-
895 1677 1114 1744 recusandam
1140 1678 1246 1766 igitur
1265 1677 1310 1743 ab
1331 1675 1402 1743 Al-

336 1798 416 1864 ieno
437 1797 596 1864 eiusmodi
627 1798 879 1865 satisdationem
907 1800 1030 1885 fuisse,
1060 1817 1105 1865 ne
1132 1804 1211 1866 lore
1237 1817 1403 1886 porsessa

336 1938 412 1988 erre
435 1918 592 2004 Quinctii
611 1921 702 1986 boun
724 1919 958 2007 eonfiteretur.

398 2041 498 2108 Hane
519 2041 670 2127 equidem
692 2042 906 2129 senientiam,
928 2045 1092 2128 tamquam
1114 2042 1216 2129 prisci
1237 2042 1403 2127 temporis

335 2166 499 2248 uniusque
530 2162 672 2228 hominis
700 2181 846 2228 errorem
877 2161 975 2229 hodie
996 2181 1058 2229 sua
1078 2167 1201 2250 sponte
1222 2164 1403 2249 explosam

336 2288 437 2370 atque
455 2284 658 2370 obsoletum,
678 2285 813 2350 silentio
830 2285 1095 2370 praeterissem,
1116 2285 1180 2349 nisi
1202 2283 1257 2350 his
1273 2287 1404 2351 nostris

336 2402 455 2471 diebus
482 2405 669 2470 instaurata
697 2408 733 2471 et
761 2406 855 2491 quasi
881 2408 1019 2473 reooeta
1044 2407 1078 2471 in
1099 2407 1268 2493 publicum
1290 2405 1403 2473 denuo

336 2523 517 2612 prodiisset
532 2517 566 2604 ⁷).
618 2523 839 2607 Quamobrem
860 2529 960 2593 uenia
981 2527 1059 2592 mihi
1091 2526 1158 2593 erit
1189 2526 1404 2610 admonenti,

336 2644 563 2728 defensorem,
596 2667 694 2732 quum
726 2648 800 2733 ipse
836 2667 899 2715 nee
928 2647 1081 2714 dominus
1104 2647 1349 2716 condemnetur
1359 2643 1402 2736 ⁸),

336 2767 469 2834 nonnisi
488 2788 553 2855 pro
574 2787 612 2834 re
632 2767 811 2835 iudicatum
836 2770 923 2834 solui
952 2769 1136 2856 satisdare3
1169 2769 1352 2856 quinetiam
1373 2772 1403 2836 si

336 2889 407 2956 deri
428 2892 564 2974 posset,
591 2891 629 2954 ut
654 2894 864 2975 promerotor
886 2889 1065 2956 dominium
1084 2891 1282 2958 tactionum
1302 2892 1403 2958 solu·

337 3016 454 3077 nomm
498 3029 574 3077 erre
611 3009 814 3098 satisdaret,
855 3013 967 3075 tamen
1005 3008 1040 3076 id
1082 3011 1191 3098 ipsum
1231 3013 1298 3079 nisi
1337 3032 1402 3080 rao

336 3135 474 3197 oramine
504 3135 753 3217 procuratorem
785 3131 979 3217 promittere
1011 3150 1080 3197 non
1112 3134 1276 3217 potuisse.
1328 3134 1404 3201 Nisi

337 3252 427 3317 forte
454 3272 516 3338 pro
547 3252 650 3317 nihilo
683 3250 903 3338 reputandum
935 3256 1006 3338 est,
1036 3253 1173 3339 quoda
1201 3255 1319 3342 pueris
1347 3255 1404 3320 di-

338 3372 498 3462 dicimus,
540 3375 700 3440 neminem
740 3375 972 3460 praeterquam
1010 3376 1045 3440 in
1084 3395 1177 3443 suam
1218 3395 1404 3462 personam

373 3705 402 3772 d)
421 3709 455 3759 ad
478 3722 502 3759 e.
526 3709 553 3760 ⁸1.
576 3718 605 3761 n!
621 3708 709 3772 Nequi
729 3705 840 3770 Alienae
894 3713 952 3760 ium
968 3713 1018 3760 esi·
1062 3708 1168 3760 Videris
1186 3709 1289 3761 librum
1309 3725 1405 3763 meum

338 3795 389 3846 rai.
412 3822 439 3833 -
459 3796 565 3848 Auxilio
578 3796 838 3848 aoeainoiiasimam
893 3797 925 3847 do
942 3797 1009 3847 litis
1028 3795 1223 3850 Comeriotiono
1242 3805 1268 3849 ot
1284 3813 1315 3852 ro
1333 3802 1407 3850 iudi·

338 3884 414 3934 iliam
444 3878 475 3937 Ι..
501 3887 545 3938 ¹⁰.
572 3887 723 3937 iudicatum
749 3885 837 3949 solui,
894 3885 1172 3947 caio,Turiei182'l.
1191 3882 1281 3949 §.dm
1296 3903 1324 3953 p.
1340 3890 1404 3941 328.

339 3985 425 4036 quae,
439 3986 520 4036 quam
533 3987 651 4024 crassam
665 3976 839 4037 inopiamque
928 3972 957 4035 7)
976 3971 1056 4024 Coni.
1074 3972 1176 4025 Klotzio·
1198 3981 1294 4028 notam
1320 3979 1355 4029 sd
1377 3993 1404 4029 e.

340 4061 478 4110 contineri
507 4062 759 4124 interpolationem,
790 4062 838 4113 iilo
892 4062 919 4113 ’1.
940 4077 989 4125 pro
1008 4062 1150 4124 Quinctio,
1168 4073 1198 4116 r!
1215 4063 1406 4128 lrtoporiolot

339 4153 461 4210 tempore
479 4148 524 4197 uel
543 4149 728 4199 doctissimum
745 4150 837 4211 latuit,
894 4152 944 4201 rel.
964 4165 991 4214 p.
1010 4151 1072 4202 575.

340 4235 422 4286 hodie
440 4249 474 4287 ne
492 4237 623 4287 tironibus
641 4239 750 4302 quidam
763 4239 838 4302 igno·
927 4237 956 4304 8)
975 4237 1040 4290 Gaii
1052 4239 1158 4292 Comm.
1171 4240 1218 4294 iv.
1232 4238 1284 4307 §S-
1297 4243 1344 4297 86.
1357 4244 1403 4296 8Ὶ.
