3114 5046
345 344 384 419 3·
411 332 452 405 4.
511 330 681 411 Gaoor‘ota
705 332 916 434 pomedait
941 357 1068 410 nemu.
1179 335 1242 401 85⁹

176 529 216 595 ad
238 529 447 616 probandcm
470 527 647 598 caeam
677 536 923 617 possessionem
947 533 1105 600 infirmum
1126 554 1241 626 origen
1260 561 1395 630 ⁰··⁸·⁸¹i⁴⁰

176 655 361 737 tortumque
382 651 448 718 hoc
469 659 701 742 argumentum
724 654 842 721 uideri.
1287 618 1378 660 ΑΜ

235 769 309 838 Sed
340 777 453 858 punito
482 777 624 841 citerius
652 775 839 860 procedere
869 778 973 844 iubet.
1017 773 1108 845 Sunt
1137 782 1241 861 enim,

176 898 235 960 nisi
258 899 366 961 omnio
386 898 473 961 ratio
511 916 562 962 me
595 897 699 978 tellit,
732 901 879 988 uestigia
908 898 1087 986 quaedam,
1121 900 1241 986 quibus

175 1019 295 1100 ipsam,
332 1036 418 1102 quae
447 1019 596 1084 Aebutio
629 1020 712 1101 tuit,
745 1019 970 1088 denunciandi
999 1039 1152 1088 coomm
1185 1025 1240 1088 in-

175 1138 301 1228 dagaro
322 1159 365 1205 ac
387 1144 544 1226 persequi
568 1145 745 1226 poscimus.

234 1297 367 1363 Etenim
409 1317 470 1383 pro
510 1317 675 1366 concesso
715 1302 946 1388 probatoque,
983 1302 1127 1389 opinor,
1159 1304 1239 1386 erit,

174 1418 257 1504 qood
287 1439 391 1505 sopra
420 1420 611 1504 docuimus,
646 1418 839 1489 cacconem
865 1431 967 1488 antea
989 1423 1134 1490 inmiiiac
1156 1422 1239 1489 itcr-

172 1540 353 1607 ciocandae
384 1544 556 1607 arbitrium
590 1539 738 1609 Aeootn
771 1543 919 1610 edidisse
930 1540 984 1617 ⁴⁶).
1043 1542 1130 1627 Quid
1153 1563 1238 1634 ergo

173 1655 253 1727 est?
276 1665 317 1728 ln
340 1662 405 1729 hoc
426 1663 549 1730 iudicio
572 1684 776 1755 magnopere
798 1666 905 1730 refert
926 1669 1031 1746 scire,
1053 1665 1237 1732 deradito·

173 1789 243 1852 rior
274 1789 321 1850 sit
353 1786 409 1851 iiie
442 1786 566 1852 fundos
597 1805 641 1853 an
663 1783 808 1853 Aebutii
839 1790 1019 1872 prioratus,
1056 1788 1236 1872 quinetiam

174 1912 260 1973 atrae
294 1908 337 1974 de
365 1927 408 1973 eo
440 1928 478 1973 re
506 1913 747 1973 controuersia
775 1908 894 1994 adipata
916 1910 1100 1974 acaronita.
1144 1908 1236 1975 Ecce

177 2029 256 2113 quod
280 2026 495 2116 Pomponiae
517 2029 619 2094 habet
640 2029 727 2093 libro
749 2026 856 2095 XIII.
878 2029 927 2095 od
950 2023 1184 2107 Sodirnrnr⁴⁶).

235 2147 296 2216 .Si
328 2151 404 2237 qnid
434 2150 612 2217 contendis
633 2169 675 2215 ex
699 2150 888 2216 hereditate
910 2150 986 2215 mihi
1009 2156 1117 2218 tecum
1139 2169 1234 2217 com-

235 2292 355 2337 «mune
377 2291 473 2351 eoae,
510 2271 597 2357 quod
626 2291 691 2361 ego
721 2275 853 2338 exalia
875 2291 997 2339 canosa
1020 2291 1124 2338 meum
1148 2291 1233 2357 pro-

235 2398 365 2478 ·priom
388 2414 464 2460 esse
486 2393 578 2475 dico,
601 2392 634 2457 id
657 2397 690 2458 in
713 2396 857 2459 familiae
879 2392 1121 2460 herciscundae
1143 2393 1233 2459 indi-

236 2521 345 2583 ·oium
369 2536 436 2580 non
459 2518 593 2580 uenitz·
621 2554 659 2565 -

233 2658 271 2705 ac
292 2637 477 2705 secundum
499 2639 588 2701 iiium
611 2633 762 2703 Pauline
783 2637 872 2703 libro
894 2632 1042 2701 XXIII.
1064 2637 1114 2702 ad
1135 2635 1231 2702 nidi-

186 2766 280 2826 rinno:
293 2755 336 2833 ⁴⁷)

234 2880 356 2965 «Quod
378 2901 439 2967 pro
463 2884 613 2967 emptore
635 2881 690 2946 nel
713 2899 774 2965 pro
797 2880 940 2965 donato,
963 2882 1060 2966 puta,
1089 2877 1232 2945 coheres

233 3003 428 3090 aposoidet‚
450 3006 484 3070 in
507 3004 652 3068 familiae
675 3001 916 3069 hercIseundae
938 3000 1092 3068 iudicium
1115 3001 1231 3066 uentre

232 3129 361 3214 «negat
384 3123 634 3212 pomponam·

228 3286 324 3351 Haec
345 3289 455 3350 antem
478 3288 514 3348 ot
535 3289 629 3350 recte
653 3285 901 3374 intelligantur,
931 3281 1011 3347 iilud
1041 3280 1230 3348 addendum

182 3415 263 3493 poio,
297 3408 468 3492 plurimum
491 3409 525 3471 in
547 3425 588 3472 ea
609 3425 646 3471 re
671 3408 768 3471 ctiam
792 3406 855 3471 hoo
877 3405 1027 3493 referre,
1063 3409 1139 3469 nter
1158 3405 1230 3469 iiti-

179 3535 318 3611 gatornm
333 3548 418 3617 rem,
441 3528 483 3594 de
501 3548 565 3614 qua
581 3530 812 3594 controuersia
835 3531 904 3609 est,
927 3525 1110 3612 possideat.
1145 3525 1229 3591 Nam

179 3651 261 3717 sicuti
283 3670 389 3737 sopra
410 3653 583 3736 apparuit,
607 3652 641 3714 in
663 3647 861 3714 hereditatis
881 3650 1115 3715 controoemda
1135 3651 1229 3713 recte

180 3787 251 3858 eom,
273 3775 330 3861 qui
351 3770 507 3838 heredem
530 3790 567 3836 se
590 3771 686 3857 dicit,
709 3774 857 3859 negante
879 3769 1090 3855 aduersario,
1116 3767 1229 3852 fomi-

180 3889 231 3961 lioe
247 3894 503 3962 incontentae
519 3895 682 3978 experiri,
703 3897 736 3958 si
755 3896 894 3978 portem
915 3909 1017 3955 cuam
1036 3889 1227 3978 possideat,

203 4098 239 4162 15)
258 4101 289 4164 3.
304 4103 330 4151 1.
345 4114 372 4162 p.
386 4099 448 4149 m
462 4113 538 4163 seqq.
754 4093 798 4158 tr)
818 4096 848 4144 L·
861 4094 905 4143 25.
920 4091 949 4157 ὅ.
962 4093 990 4143 i.
1005 4094 1065 4145 aod.

206 4186 241 4250 tt)
258 4191 289 4240 i..
302 4190 348 4241 45.
363 4201 404 4251 pr.
418 4189 491 4240 Fam.
505 4189 615 4240 hemico.
