3114 5046
170 1481 275 1521 orationi·

169 1545 277 1578 amre.

787 1001 883 1090 Μ.

468 1208 638 1296 Defensio
660 1214 697 1274 tu
718 1210 841 1295 partes
866 1206 1023 1296 locosque
1044 1205 1197 1293 capesce.

362 1460 535 1529 Orationis
563 1461 774 1547 propositae,
803 1461 968 1544 quatenus
996 1458 1198 1523 etaceratts
1218 1457 1355 1543 reliquiis

299 1583 439 1672 intelligi
463 1586 594 1666 potest,
617 1584 695 1648 tatis
716 1582 789 1648 sere
810 1584 998 1661 structura,
1019 1578 1198 1665 dispositio
1219 1598 1261 1646 ae
1279 1598 1356 1646 con-

298 1705 437 1771 firmatio
459 1706 565 1770 fuisse
590 1704 741 1769 uidetur:

362 1825 528 1891 Prooemii
557 1819 753 1905 (§§.1-6.)
785 1825 909 1907 triptex
941 1826 994 1888 cst
1016 1813 1258 1913 ⁴argumentum
1293 1841 1358 1888 eum

300 1951 464 2032 perpetua
492 1950 803 2014 commemoratione
826 1948 947 2026 prioris
968 1930 1128 2031 actionis3
1157 1964 1235 2015 nam
1262 1945 1358 2030 primo

299 2068 360 2145 (§§.
374 2068 401 2132 1.
415 2069 460 2141 2.)
484 2069 674 2154 praedicat,
705 2069 920 2135 difficiliorem
949 2069 1012 2132 sibi
1034 2067 1163 2152 quidem
1193 2066 1360 2132 defensio·

299 2209 391 2274 uem,
412 2190 595 2256 faciliorem
611 2194 720 2255 autem
735 2190 1028 2272 recuperatoribus
1043 2187 1278 2254 iudicattonem
1292 2189 1360 2254 tore

299 2315 499 2396 propterea,
530 2310 619 2396 quod
649 2309 691 2376 de
721 2314 795 2397 ipsa
822 2328 879 2393 re,
908 2329 973 2396 qua
994 2310 1037 2375 de
1058 2313 1189 2396 agitur,
1220 2310 1254 2376 h.
1275 2330 1303 2377 e
1324 2310 1360 2375 de

300 2433 509 2497 atrocissima
542 2431 665 2517 caede,
697 2451 792 2518 quam
821 2434 861 2497 ut
887 2433 1032 2497 testibus
1058 2433 1192 2517 planam
1221 2433 1360 2510 faceret,

300 2555 374 2618 sota
395 2556 496 2618 antea
511 2552 609 2618 rutra
631 2572 711 2620 cura
728 2556 863 2638 fuisset,
885 2556 990 2638 prima
1004 2555 1137 2619 actione
1152 2553 1360 2620 aduersarius

301 2676 479 2740 consessus
492 2677 552 2760 sit,
568 2694 684 2761 eoque,
700 2678 775 2760 quia
791 2675 922 2740 infitiari
937 2695 1005 2740 non
1019 2679 1147 2760 posset,
1163 2677 1359 2764 confugerit,

303 2802 337 2861 ut
360 2797 448 2882 quod
471 2799 652 2880 improbum
675 2801 788 2882 utique
811 2798 942 2862 facinus
964 2801 1072 2880 esset,
1094 2795 1128 2860 to
1149 2799 1222 2863 iure
1244 2799 1357 2863 sactum

300 2938 376 2983 csse
399 2918 645 2988 defenderem).

362 3035 521 3105 Secundo
555 3037 623 3113 (§§.
645 3038 752 3109 3-5.)
788 3041 820 3103 in
849 3043 1036 3104 memoriam
1065 3044 1223 3119 reuocat,
1255 3042 1355 3125 priore

299 3179 440 3225 caussae
469 3163 603 3226 actione
624 3179 662 3225 se
686 3161 779 3225 Fabii
803 3162 928 3243 samse,
961 3166 998 3225 ut
1020 3163 1053 3226 iu
1076 3165 1273 3246 pecuniaria
1293 3162 1356 3224 dis

300 3284 507 3365 ceptatione,
526 3301 616 3346 more
628 3302 688 3346 suo
704 3283 848 3370 benigne
862 3285 1064 3367 pepercisse,
1080 3281 1272 3363 Quinctium
1285 3300 1354 3347 uero

334 3501 359 3564 1)
379 3500 551 3561 moricum,
572 3518 626 3565 quo
646 3510 733 3554 orator
752 3505 801 3554 troo
859 3505 970 3565 «citius,
997 3517 1078 3566 paam
1095 3506 1128 3554 de
1145 3520 1192 3561 eo,
1221 3509 1269 3569 pai
1285 3505 1354 3567 coap-

298 3588 356 3640 toco
376 3603 438 3640 urus
452 3599 508 3645 eet,
530 3596 625 3651 partim
639 3594 728 3642 uerbis
742 3604 800 3652 per·
859 3598 966 3653 «tetur,
997 3594 1118 3643 iudicare
1143 3595 1156 3642 t
1184 3597 1252 3644 uetiti
1277 3601 1354 3644 autea

298 3680 344 3727 ttm
368 3693 447 3729 sensu
474 3681 524 3729 tate
544 3681 598 3731 tere
617 3683 685 3731 tuit:
712 3682 799 3732 Facile
859 3681 988 3746 «difficile
1005 3686 1059 3734 eet,
1079 3684 1149 3731 eotie
1167 3685 1272 3744 copiose
1288 3683 1354 3731 deco

297 3772 352 3826 eat,
372 3775 461 3818 contre
480 3770 636 3820 infitiantem
651 3771 740 3819 dicere
755 3783 801 3832 pr·
857 3770 980 3827 edicere,
1000 3771 1070 3833 paoo
1087 3784 1134 3820 nee
1149 3774 1269 3822 atrociae
1280 3769 1353 3819 uertit

298 3859 373 3906 trono
384 3855 452 3905 bone
461 3860 566 3906 testium
575 3861 649 3918 copie
660 3862 798 3917 instructo,
858 3860 1060 3908 «demonstrari
1069 3865 1168 3920 potest,
1182 3860 1353 3924 puomraipeo

295 3949 383 3994 temen
394 3947 451 4003 tpse
462 3947 583 3994 infitiatio
595 3949 673 3996 ettam
685 3950 711 3994 in
722 3959 800 4009 eper-
857 3954 925 4003 «eet,
939 3959 1021 4009 neque
1034 3949 1154 4007 apertius
1169 3961 1230 3998 meu
1244 3949 1351 3997 orottou

294 4032 393 4079 tteetme
429 4046 457 4081 re
488 4034 665 4085 iudicantibus
697 4049 797 4085 moram
857 4036 952 4099 «fieri,
972 4036 1352 4100 paomtpaorameonsmiw

295 4120 429 4178 quandam
458 4131 488 4169 ec
515 4122 667 4185 religionem
687 4127 796 4175 iniicere
857 4122 1349 4188 «factumest.--stmuaqmeem

294 4206 370 4256 rotet.
408 4207 580 4259 Eeontrarto
600 4213 686 4275 «putu
704 4214 796 4274 catto·
854 4210 1160 4276 protuatohebeturpro
1173 4205 1346 4271 (lacem-2
