3114 5046
277 318 315 392 s.
342 307 382 379 5.
436 304 617 404 Defensio
647 302 736 379 Non
762 305 880 380 deieci
903 305 971 380 aed
995 307 1132 384 odetitt'.
1176 306 1239 372 89³

175 523 236 570 aua
259 522 390 591 quoque
413 523 535 591 opera,
565 503 745 571 adhibitam
776 523 873 592 esse3
908 508 1101 573 necessario
1132 526 1240 593 paene
1258 515 1409 614 mim

175 644 387 713 consequens
402 630 470 711 est,
493 625 626 692 eoadem
648 645 811 694 caussam
832 646 965 713 quoque
986 629 1060 695 eiua
1080 630 1146 715 rei,
1167 630 1240 695 siue
1258 630 1367 672 M*

175 749 297 813 iustam
326 750 399 814 siue
426 751 480 815 oui
508 749 615 813 iustae
645 752 754 814 tamen
776 751 911 834 speeies
930 749 1044 835 aliqua
1065 753 1173 832 esset,
1205 753 1240 817 in

175 867 315 934 medium
338 870 530 954 protulisse.
573 869 671 936 liano
699 888 781 936 uero
811 870 845 935 in
866 870 1066 937 testimoniis
1086 872 1154 938 illis
1181 891 1240 939 re-

174 990 353 1057 censendis
384 988 470 1056 adeo
506 989 644 1057 Tullius
679 991 813 1056 silentio
846 992 1044 1077 praeteriit,
1084 997 1121 1058 ut
1154 1010 1240 1060 eon·

174 1114 303 1179 iectura
325 1113 382 1178 ilia
404 1113 607 1198 aliquantum
630 1112 746 1177 uirium
769 1111 848 1178 inde
869 1113 991 1200 capiat
1034 1112 1081 1178 lli
1107 1114 1239 1179 tametsi

174 1233 261 1301 haud
292 1235 408 1319 inepte
443 1235 541 1301 obiici
574 1237 705 1319 potest,
740 1235 768 1301 sl
799 1235 859 1300 illa
885 1253 1017 1321 quoque
1046 1235 1099 1301 uis
1127 1236 1241 1302 uerbis

174 1354 254 1423 Nou
278 1356 389 1422 deteei
410 1357 473 1422 sed
500 1355 619 1423 obstiti
648 1358 793 1442 inesset,
829 1375 945 1442 pamm
972 1357 1143 1443 copiosam
1175 1356 1239 1424 hae

173 1479 291 1545 saltem
314 1481 411 1564 parte
437 1475 545 1545 diuite
567 1476 796 1544 defensionem
817 1497 1003 1565 apparere,
1023 1477 1238 1545 sisinnatium

174 1605 244 1666 iere
267 1604 380 1666 tamen
401 1601 576 1686 conuenit,
608 1619 675 1665 non
705 1601 805 1686 plane
832 1600 867 1665 ln
889 1600 1064 1686 proposita
1085 1602 1238 1668 oratione

173 1721 312 1806 deesse,
334 1739 420 1807 quae
441 1739 482 1787 eo
504 1721 624 1787 reterri
647 1720 841 1807 uideantur-3
862 1723 899 1786 ut
921 1738 1001 1788 eece
1024 1720 1113 1807 quod
1128 1721 1238 1789 uehe-

173 1847 301 1910 menter
322 1847 423 1933 urget
445 1846 562 1909 orator
581 1841 624 1910 ln.
640 1837 758 1908 Caelii
779 1843 878 1907 testis
900 1839 1039 1928 dietum,
1063 1861 1157 1909 onon
1176 1862 1237 1908 ao-

175 1967 261 2032 ·lum
277 1960 467 2032 Aebutiesm
480 1983 554 2031 uum
570 1965 708 2030 armatis
728 1963 834 2029 tuisse
850 1962 1091 2050 compluribus,
1114 1982 1238 2031 uerum

175 2091 307 2154 «etium
338 2105 416 2152 mom
446 2087 631 2153 aduocatis
658 2090 845 2173 perpaucis
872 2104 913 2150 eo
940 2089 1079 2151 aenaim
1108 2079 1237 2151 Curet-

176 2227 279 2274 ·nom
291 2220 325 2292 ·,·
348 2208 424 2273 item
442 2205 486 2273 A.
503 2222 536 2273 et
553 2204 801 2273 maeniorum
823 2225 863 2273 ao
885 2203 928 2272 Ρ.
944 2204 1090 2295 Rutilii,
1116 2226 1237 2293 nouum

176 2327 372 2396 mennon
395 2326 572 2398 Caecinae
595 2331 712 2395 malum
742 2331 941 2412 minaretur,
972 2327 1022 2393 idi
1043 2333 1119 2395 tum
1142 2323 1237 2396 Coe-

175 2456 315 2518 ·etuona
335 2451 551 2540 postulasse,
573 2457 614 2517 ut
635 2450 789 2517 monitor
810 2450 972 2516 deductio
990 2449 1127 2538 fieret·
1162 2448 1237 2532 Quo

173 2573 246 2641 loeo
269 2573 382 2639 oblter
405 2571 611 2652 admonebo,
634 2568 802 2639 Pisonem
824 2571 972 2638 ioriame
993 2570 1075 2636 illud
1098 2572 1238 2637 retulis-

173 2713 216 2778 se,
232 2689 429 2760 Caecinam
443 2712 512 2758 non
527 2697 620 2779 prius
635 2696 682 2758 lta
697 2693 890 2778 postulasse
906 2710 1002 2778 quam
1017 2692 1237 2777 intellexerit,

173 2835 204 2883 ae
226 2816 329 2899 illud,
362 2814 451 2903 quod
473 2816 614 2881 maxime
635 2816 758 2900 uellet,
792 2812 952 2880 uidelicet
979 2818 1017 2879 ut
1045 2814 1237 2899 possessio-

173 2957 242 3006 nem
265 2937 362 3003 tundi
384 2937 672 3022 apprehenderet,
693 2937 828 3021 assequi
849 2937 942 3001 nuilo
964 2935 1061 3002 modo
1084 2953 1195 3020 posse.

229 3113 304 3184 Sed
326 3115 411 3183 haec
432 3117 655 3182 incertissima
676 3119 765 3180 sunt.

229 3239 330 3306 Nune
353 3241 562 3322 pertractata
583 3238 752 3302 sententia
774 3240 808 3300 et
830 3236 902 3302 iure
923 3236 1013 3301 illius
1029 3234 1236 3302 detensionis

175 3359 251 3428 Non
273 3361 386 3426 deteet
412 3361 476 3427 sed
497 3360 638 3447 obstiti,
668 3360 761 3424 iuuat
793 3359 892 3424 etiam
923 3358 1028 3423 uerba
1056 3355 1234 3443 quaedam,

171 3501 254 3568 ,quae
275 3481 320 3548 ad
343 3481 481 3549 eandem
505 3482 690 3566 pertinent,
719 3477 879 3546 exhibere
900 3497 942 3546 uc
963 3480 1082 3546 oritioa
1103 3479 1235 3546 ratione

177 3608 372 3672 examinare.

230 3781 366 3868 Quippe
388 3784 421 3846 in
444 3801 473 3849 o.
499 3779 549 3846 13.
573 3782 736 3846 orationis
758 3780 953 3864 propositae
975 3777 1090 3844 eadem
1113 3776 1235 3845 defen·
1253 3797 1393 3898 mppr

183 3903 219 3967 alo
241 3903 335 3970 hisee
358 3904 471 3969 uerbis
493 3904 653 3968 retertur:
1254 3919 1275 3953 a
1288 3927 1307 3965 a·
1324 3926 1344 3965 a·
1360 3927 1376 3953 u.

235 4025 366 4092 diiect
386 4044 452 4113 ego
476 4028 510 4089 te
533 4027 669 4092 armatis
692 4023 894 4107 homiuibus,
917 4042 983 4088 non
1007 4023 1163 4108 deiecit,

188 4160 283 4214 unsua
305 4152 338 4212 in
363 4166 389 4212 e.
414 4146 485 4208 23:
