3114 5046
338 371 401 437 ulle
438 367 533 470 Gap
560 371 595 444 1
648 368 708 443 De
733 373 818 445 ture
845 392 1004 445 cumeae
1033 367 1302 445 flaminiam

172 586 319 685 *strui-or·
295 572 521 655 mensionis,
542 570 683 636 insertus
705 573 904 654 exponetur
949 571 989 635 ln
1012 571 1205 654 praesentio
1227 570 1315 635 entis
1336 573 1389 634 eet

169 644 313 810 Q:
336 693 634 760 ntesttmomorun
652 695 843 757 nostrorum
866 695 1001 776 tenore,
1022 695 1201 778 contextu,
1223 693 1392 776 qulnetler

337 816 504 900 scripture
531 833 660 881 menum
688 812 876 899 depellere,
904 832 1010 899 euque
1038 816 1172 903 integre
1193 816 1229 878 et
1250 815 1295 879 eb
1317 832 1392 881 omn

335 955 463 1026 genero
485 937 698 1021 corruptelae
719 954 761 1004 ee
782 938 985 1020 susplolonls
1005 954 1112 1003 uuouu
1134 939 1170 1001 et
1191 936 1299 1003 libere
1316 952 1392 1003 eon·

336 1075 483 1125 seruere.

400 1216 532 1282 Etenim
554 1220 665 1282 stetlnr
688 1220 721 1282 ln
744 1234 784 1282 eo
806 1220 993 1303 ouptlonem
1015 1217 1132 1300 uideo,
1154 1217 1243 1304 quorl
1264 1219 1300 1282 ln
1325 1214 1392 1285 Sa·

336 1340 426 1406 retent
446 1339 532 1404 llbro
553 1338 776 1428 fragmentum
797 1338 879 1405 illud
899 1340 988 1429 legis
1012 1338 1166 1406 Tlortoe
1185 1341 1237 1404 sle
1257 1338 1392 1405 exulte-

337 1465 409 1546 tur,
437 1464 475 1524 ut
495 1461 599 1526 uerbo
631 1460 744 1546 «quod
768 1463 840 1527 elus
861 1464 891 1527 le
912 1464 987 1548 quet
1010 1463 1139 1528 electus
1159 1465 1213 1527 est
1234 1461 1392 1546 possede·

339 1583 431 1647 «ru-
456 1587 491 1648 et
511 1601 628 1648 rursus
654 1583 738 1651 lruee
767 1584 883 1673 «prtod
902 1601 1012 1672 neque
1032 1588 1071 1650 ut
1092 1601 1200 1672 oreque
1223 1581 1317 1648 clune
1336 1600 1392 1648 rre-

338 1722 427 1792 «pue
448 1709 608 1790 preenrto
627 1707 824 1795 possedeat
844 1704 888 1770 ab
910 1723 966 1789 eo,
995 1710 1073 1794 puel
1094 1722 1173 1770 eorm
1193 1721 1238 1769 eo
1258 1717 1392 1791 pomer·

337 1831 457 1892 «stom
477 1830 516 1892 ut
537 1831 702 1893 eteeertt·
734 1830 890 1914 typorum
919 1843 1046 1915 genere
1067 1819 1184 1908 (eleut
1205 1823 1306 1890 modo
1327 1812 1392 1910 lpet

334 1936 430 2028 leot)
451 1948 541 2014 luter
568 1966 605 2014 se
633 1947 904 2037 dletlnguuntur:
917 1944 958 2022 ¹⁴)
981 1949 1076 2033 quast
1104 1966 1187 2013 uero
1216 1945 1308 2014 tneo
1335 1964 1392 2012 ex·

333 2070 542 2154 ceptlonem,
570 2069 634 2135 tllo
662 2071 777 2137 neseio
806 2070 884 2156 quld
913 2068 1005 2135 nllutl
1033 2071 1273 2155 eontlnerent3
1303 2086 1392 2154 quun

332 2210 453 2257 ouuese
475 2209 558 2256 enne
580 2192 671 2257 nullu
693 2190 757 2257 dlol
785 2195 917 2279 potest,
946 2192 1023 2277 quln
1052 2191 1139 2256 duee
1161 2193 1392 2276 exceptionem

332 2331 374 2377 ex
397 2314 523 2378 usitate
543 2312 762 2378 lnterdleendl
786 2313 928 2379 lormulu
949 2315 1093 2398 petltne,
1115 2313 1268 2397 utrlsque
1290 2330 1392 2377 enun-

332 2434 472 2502 elentnr.

394 2596 521 2662 Eodem
544 2597 699 2682 oonsilio,
726 2596 884 2663 uidelicet
914 2596 1089 2684 quomugls
1117 2592 1203 2659 dune
1231 2593 1312 2658 illne
1334 2610 1392 2659 ex·

331 2719 505 2803 ceptionee
526 2719 561 2782 ln
582 2737 680 2783 unum
702 2716 928 2785 conflarentur
948 2735 989 2783 ee
1011 2714 1313 2801 contraherentur,
1335 2733 1392 2779 ue·

330 2839 447 2904 rlendo
469 2841 657 2925 scripturae
679 2858 805 2929 genere
827 2838 889 2904 Vlr
911 2837 1123 2904 doctissimus
1145 2838 1295 2919 euruult,
1308 2832 1347 2908 ¹⁵)
1362 2839 1392 2900 ut

330 2965 363 3024 ln
387 2961 417 3024 d.
440 2982 467 3027 e.
481 2959 534 3026 44.
555 2981 619 3048 pro
645 2960 760 3028 lutto
783 2958 881 3042 Quou
904 2959 1087 3046 particulo,
1108 2957 1151 3023 ud
1175 2960 1392 3044 exceptiones

331 3083 479 3147 formulis
501 3082 702 3149 lntexendus
722 3083 893 3169 eptlselme
908 3098 989 3145 sune
1004 3082 1105 3165 etque
1123 3071 1392 3161 usltutlsslmn‚¹⁵]

362 3350 408 3416 ll)
426 3353 443 3402 l.
465 3352 482 3401 l.
504 3366 530 3414 p.
550 3351 611 3402 513.
634 3359 689 3401 not.
711 3354 737 3401 1.
887 3350 978 3401 Fertur
1004 3365 1025 3400 s.
1055 3365 1080 3400 r.
1108 3351 1250 3401 Pooeeeeto·
1284 3352 1338 3402 cte.
1365 3352 1392 3401 (lo

362 3474 406 3541 1⁵>
424 3477 490 3528 ‘u
591 3478 618 3526 2·
886 3438 994 3576 llll
1015 3438 1392 3578 l⁷·ll⁸l”'·l¹¹t¹²·1{

361 3611 405 3679 16)
424 3614 483 3674 Quo
499 3614 532 3665 de
545 3627 574 3665 re
586 3614 727 3665 Soutntum
739 3616 829 3666 admo·
885 3615 925 3667 lle
949 3616 1161 3677 exceptionibus.
1195 3616 1226 3665 L.
1247 3618 1293 3666 11.
1314 3615 1346 3680 6.
1367 3617 1392 3667 3.

327 3703 384 3750 nert
397 3714 451 3751 non
466 3714 532 3762 opus
550 3707 605 3751 eet:
626 3715 640 3751 e
659 3701 715 3765 lege
731 3704 829 3755 Thorle
887 3704 924 3755 lle
944 3717 1000 3754 erc.
1022 3720 1044 3754 r.
1064 3706 1122 3755 lud.
1156 3706 1186 3753 L.
1206 3706 1234 3754 5.
1255 3703 1287 3768 6.
1308 3707 1336 3754 2.
1355 3706 1392 3755 lle

326 3791 383 3852 lpre
399 3790 548 3853 exemptum
569 3792 657 3841 ottullt
675 3789 734 3854 (1.1.
750 3792 827 3844 Conl.
885 3792 938 3842 tlol.
959 3806 1016 3844 ere.
1046 3791 1193 3855 lde-§-
1215 3795 1261 3843 17.
1289 3795 1330 3845 Ile
1349 3795 1392 3847 he

327 3889 353 3937 p.
367 3877 429 3928 oto.
444 3886 498 3930 not.
515 3877 553 3942 2.)
572 3880 622 3930 (lul
636 3881 731 3932 eddom
745 3883 826 3933 hoec:
884 3881 940 3930 red.
957 3889 1012 3942 pet.
1034 3881 1064 3930 L.
1080 3882 1141 3931 122.
1163 3879 1193 3944 6.
1208 3883 1234 3930 2.
1252 3884 1293 3934 lle
1308 3885 1341 3932 V.
1359 3883 1391 3933 0.

325 3966 356 4016 L.
371 3968 397 4016 1.
411 3964 440 4029 6.
456 3967 482 4016 6.
522 3969 561 4020 Ne
578 3970 643 4031 quld
665 3973 691 4020 ln
710 3972 757 4020 66.
779 3983 825 4031 pu.
886 3995 913 4005 —
936 3968 1011 4019 Conl.
1032 3970 1188 4019 Briseontur
1207 3973 1239 4019 cle
1262 3971 1392 4021 formello

326 4055 356 4103 L.
377 4056 403 4104 1.
425 4053 455 4118 6.
474 4057 500 4106 5.
520 4058 563 4106 Utt
582 4060 731 4119 possidens.
752 4060 782 4109 L.
799 4062 825 4110 1.
883 4058 941 4108 Ltb.
962 4060 994 4106 v.
1022 4058 1051 4122 6.
1072 4059 1116 4108 76.
1138 4072 1165 4119 p.
1186 4059 1251 4109 366.
1292 4061 1392 4111 Euol-

325 4139 355 4204 6.
375 4143 403 4192 ’1.
425 4144 463 4196 ue
482 4145 586 4196 clonelr.
608 4146 638 4195 L.
655 4150 681 4197 1.
702 4146 732 4210 6.
747 4148 773 4197 3.
793 4148 824 4196 Ι..
882 4149 937 4209 gurl
950 4161 1073 4198 sermone
1095 4147 1352 4202 nomueessmme
1361 4150 1392 4200 Ν.

324 4230 351 4279 ’1.
366 4228 417 4294 66.
431 4231 458 4282 6.
471 4232 498 4282 l.
514 4232 592 4295 Quod
608 4237 824 4287 6166161616.-
882 4236 916 4296 Q.
935 4236 983 4296 lv,
1003 4236 1029 4285 6.
