3114 5046
145 347 184 422 s.
209 333 252 410 2.
309 329 393 419 Quo
412 334 497 405 inre
521 328 586 404 Ν’.
611 330 711 404 bono
736 329 796 418 Ψ.
818 269 1038 433 possederit.
1096 332 1136 417 ⁵⁷

67 516 191 608 dat²⁸);
215 541 326 609 neque
347 525 458 586 tamen
479 521 579 585 ullum
602 520 665 587 lac
687 526 785 606 parte
810 521 988 586 uadimonii
1011 521 1136 589 deserti
1156 520 1304 629 ‚ssffffl

69 647 268 711 mentionem
292 661 480 710 occurrere.
574 719 578 725 ¹
869 715 872 719 ,

131 764 228 848 Quae
251 768 306 852 qul
327 765 553 850 reputauerit,
574 769 607 830 et
629 766 769 830 alterum
788 783 861 832 oum
884 766 992 831 altero
1014 770 1138 832 eontu-

69 889 163 968 lerit,
199 886 364 974 quomodo
399 885 537 953 credere
576 888 716 973 poterit,
754 889 786 951 in
821 887 884 953 hoo
913 890 987 972 ipso
1024 886 1138 953 Edisti

68 1012 182 1094 capite
203 1016 362 1098 quintam
383 1011 525 1093 aliquam
550 1009 593 1073 de
617 1009 818 1073 uadimonia
840 1009 977 1074 deserto
1000 1010 1138 1075 clausu-

70 1133 132 1196 lom
157 1133 280 1212 inisse,
303 1150 399 1216 quam
415 1129 534 1196 Cicero
551 1133 584 1194 ln
599 1128 773 1194 recitando
788 1133 1017 1216 suppresserit
1031 1132 1139 1196 silen-

68 1255 184 1338 tioque
208 1244 449 1338 praeterierit?
483 1251 604 1316 Nonne
628 1253 684 1336 qui
705 1251 752 1314 ita
775 1253 947 1334 statuerit,
971 1256 1138 1318 oratorem

68 1380 219 1441 nostrum
249 1377 328 1440 talis
355 1376 539 1441 calumniae
569 1372 675 1440 dicem
704 1391 748 1437 an
775 1371 999 1457 impudentiae
1024 1376 1139 1459 potius

68 1516 109 1563 ac
136 1498 304 1562 stultitiae
333 1495 554 1575 insimulabit,
590 1496 699 1579 qualis
732 1512 775 1559 ne
808 1496 842 1557 in
878 1495 1137 1562 abiectissimum

69 1618 200 1703 quidem
222 1617 372 1683 rabulam
395 1608 560 1682 eederet?
599 1616 670 1681 Aut
693 1635 778 1702 quoe
799 1619 904 1698 ratio,
935 1636 1020 1703 quae
1044 1617 1138 1682 utili-

69 1747 138 1826 tas,
177 1757 264 1824 quae
308 1737 442 1802 taudem
476 1736 614 1803 fallendi
650 1756 732 1823 spes
771 1739 824 1803 uel
870 1741 1045 1804 excusatio
1079 1739 1138 1804 tali

69 1859 189 1925 orandi
210 1848 351 1926 oonsilio
373 1858 493 1925 adesse
515 1851 715 1945 potuisset?

131 2036 222 2119 Quid
244 2029 375 2102 multa?
408 2033 575 2122 Optimum
597 2034 774 2101 refellendi
795 2055 905 2124 genus
927 2041 996 2120 est,
1024 2056 1137 2107 ueram
1156 2060 1208 2157 ..m
1255 2058 1304 2097 aa

69 2163 118 2224 rei
138 2162 293 2224 naturam
315 2161 351 2224 et
370 2160 533 2223 rationem
556 2156 747 2223 ostendere.
805 2157 886 2223 Elam
909 2177 1008 2239 uero,
1040 2158 1138 2224 llum-

70 2280 166 2346 modo
191 2280 395 2365 propositam
424 2279 521 2345 nobis
544 2280 727 2344 orationem
748 2282 879 2344 attente
905 2282 1138 2364 perlustroue-

70 2404 136 2489 ris,
158 2402 252 2467 nullo
274 2400 360 2467 duce
383 2402 477 2485 quasi
498 2402 587 2465 ultro
610 2401 753 2466 oblatam
775 2404 937 2466 inuenies.

133 2577 268 2644 Etenim
301 2584 407 2669 negat
442 2573 584 2660 Cicero,
626 2578 714 2643 bona
751 2576 896 2659 Quinctii
933 2596 976 2643 ex
1015 2575 1138 2643 Edicto

73 2718 233 2785 possessa
257 2717 343 2765 esse.
393 2698 477 2763 Eius
497 2700 546 2764 rei
570 2700 771 2783 tripartitam
794 2700 939 2763 instituit
960 2697 1138 2765 confirma-

74 2824 204 2886 tionem.
247 2821 369 2886 Partes
391 2821 484 2888 hisce
505 2813 661 2899 uerbls⁹⁹l
685 2819 877 2909 distinguit:

136 2995 345 3065 «Ostendam
382 3000 536 3083 primum,
572 3017 717 3065 carnum
744 3017 815 3064 non
844 2993 978 3086 fuisse,
1020 3017 1083 3062 cnr
1114 3018 1137 3062 u

137 3116 338 3184 «Prueiore
360 3119 575 3207 postulares,
596 3124 638 3186 ut
661 3119 752 3185 bonu
776 3116 819 3184 P.
844 3118 998 3199 Quiumii
1022 3123 1138 3203 possi-

136 3241 286 3306 dares:

135 3359 298 3445 mendo,
320 3381 367 3427 es
392 3360 523 3429 Edicto
544 3368 579 3428 te
604 3355 876 3449 possideremus
899 3367 1073 3449 potuisse:

136 3487 349 3568 .postremo,
372 3503 443 3548 uon
463 3486 685 3568 possedisse·

134 3663 205 3726 lom
228 3660 368 3725 alterius
390 3662 497 3746 partis
519 3661 715 3746 principium
737 3666 807 3743 est,
829 3665 865 3725 ui
888 3661 930 3726 de
945 3660 1138 3745 supradicto

79 3784 128 3846 lllo
164 3781 278 3848 Edicti
322 3784 450 3864 capite,
490 3803 554 3868 quo
585 3787 729 3868 quatuor
764 3783 922 3849 clausulis
958 3803 1138 3868 personas,

81 3923 209 3988 quarum
232 3904 320 3969 bona
342 3902 506 3986 possideri
529 3905 660 3989 liceret,
699 3906 883 3969 enumerari
906 3905 1137 3992 cognominus,

113 4184 156 4240 28)
174 4185 239 4236 llius
258 4199 341 4250 supra
359 4199 386 4248 p·
401 4184 445 4234 54.
460 4191 516 4235 nol.
531 4185 573 4235 25.
671 4183 717 4249 29)
737 4185 803 4235 Vide
817 4199 841 4234 o.
863 4185 905 4234 lo.
