3114 5046
338 389 381 454 8⁰
444 386 539 491 Gap.
562 389 597 463 Ι.
649 387 711 464 De
735 393 822 465 iure
846 411 1006 463 caussae
1035 388 1299 476 Quinctianae.

170 575 266 674 ‘uma
273 579 320 688 ’ᾖξ’
339 620 414 681 iere
429 611 645 705 inlelligil³⁵)‚
667 615 851 701 iterumque
866 620 972 696 erret,
996 614 1071 681 dum
1087 619 1229 682 muiuem
1245 619 1404 703 opinetur

223 635 249 675 17

169 692 270 738 ⁰⁰''‘“⁰'
338 739 550 822 sponsionem
584 736 709 822 fuisso;
744 735 787 803 ud
825 756 959 822 quorum
996 739 1175 822 rationem,
1208 736 1404 804 Hotomani

338 848 529 948 praecipue,
550 860 663 924 stetim
692 860 859 925 reuersuri
887 878 1008 924 sumus

372 1147 418 1201 35)
431 1146 576 1198 Huseilrius
585 1145 619 1196 ud
629 1158 653 1195 c.
664 1145 708 1196 30.
720 1159 769 1211 pro
779 1144 843 1196 Tui-

336 1236 374 1287 iio
387 1236 426 1292 liu
440 1236 515 1284 imm.
527 1233 558 1285 G.
571 1233 694 1283 Huscnlii
705 1234 843 1285 Ausiectis

336 1324 484 1383 litterariis,
504 1337 530 1386 p.
545 1322 621 1376 stc.)
640 1323 765 1386 principii
781 1321 843 1373 loco

337 1412 444 1476 posuit:
472 1411 585 1475 Sponsio
606 1418 732 1475 perpetuo
761 1411 842 1461 solius

335 1502 435 1551 actoris
459 1507 497 1550 est
528 1497 568 1562 (h.
596 1513 622 1550 e.
647 1498 840 1564 stipulatorum

335 1589 409 1654 quod
426 1588 533 1638 temetsi
550 1588 583 1637 sd
603 1593 722 1638 extreme
741 1587 841 1638 Ibidem

335 1677 507 1742 perducitur,
527 1689 598 1741 quus
616 1676 700 1726 nimis
719 1676 786 1725 mihi
803 1676 842 1726 ui-

335 1765 841 1829 deutur,tsmeuplurimumuerimeo

335 1867 444 1919 quoque
459 1855 559 1905 iudicio
574 1855 664 1904 trebel.
707 1854 841 1905 Nimirum

336 1944 406 1993 siout
429 1944 558 1992 actionem
584 1942 631 1992 uel
651 1942 776 1991 iudicium
795 1943 842 1991 lla·

335 2032 393 2083 ders
409 2044 467 2080 cum
478 2028 575 2094 ‘aliquo
591 2036 618 2080 et
630 2029 730 2079 similis
743 2030 841 2079 actoris

335 2120 424 2185 potius
455 2122 519 2167 sunl
548 2131 630 2181 quum
657 2119 711 2167 eius
738 2119 842 2181 pnicum

335 2210 442 2272 apitur,
462 2211 543 2269 elque
562 2207 597 2255 its
615 2218 675 2255 esse
691 2206 772 2255 etism
785 2218 840 2253 ser·

336 2297 426 2346 monis
445 2311 495 2346 usu
509 2297 691 2357 decimentur,
711 2298 751 2347 sic
763 2310 841 2360 spon·

334 2385 433 2436 elmon
445 2400 504 2435 cum
517 2386 607 2449 aliquo
625 2386 711 2450 {acere
728 2398 775 2436 seu
793 2386 841 2434 lsa-

335 2473 393 2524 cere
412 2475 497 2537 magis
516 2474 624 2537 proprie
640 2473 785 2536 stipulator
800 2473 840 2524 di-

335 2562 407 2613 citur
431 2575 512 2627 quum
537 2563 583 2626 pui
606 2562 748 2624 stipulanti
776 2574 840 2624 pro·

333 2652 427 2701 mittit.
453 2651 646 2701 Verumtamen
661 2648 785 2700 hocloco
798 2663 840 2699 ss·

334 2740 370 2791 tu
387 2740 455 2799 crit,
485 2737 583 2789 coutrs'
604 2740 734 2789 Doctores
756 2751 839 2801 suprs

335 2829 459 2879 lsudstos
478 2828 611 2890 oniense,
635 2827 751 2890 nampio
770 2827 838 2892 fieri.

336 2918 429 2981 utqui
448 2915 591 2979 stipuletur
613 2917 777 2980 sponsionem
798 2917 841 2979 io·

335 3005 519 3063 csrsdicstur,
537 3005 609 3067 quod
629 3003 776 3052 dummodo
793 3016 839 3066 sp-

337 3093 472 3157 psruerit‚
492 3093 560 3142 nihii
579 3091 718 3150 scrinebit,
738 3090 838 3140 diuersi

336 3181 481 3240 sermonis,
500 3193 554 3241 quo
573 3180 654 3229 etiem
674 3178 709 3238 ei,
729 3179 775 3242 qui
793 3180 838 3228 sti·

336 3267 444 3333 pulsuli
471 3267 586 3330 spondei
615 3278 663 3316 seu
692 3267 838 3327 promittit,

335 3355 432 3405 eudem
463 3354 508 3404 illu
540 3355 624 3403 uerbo
652 3352 837 3416 adplicentur,

335 3442 460 3505 exemplu
478 3441 577 3491 celere.

370 3530 441 3592 Ergo
458 3531 622 3593 sponsionem
643 3527 728 3591 {acere
740 3527 839 3578 dicitur

334 3619 479 3681 stipulator
496 3617 570 3667 hisce
595 3615 681 3665 locis:
708 3615 741 3664 sd
760 3615 835 3665 lium.

335 3703 838 3767 v11,u1.«...ubimderispomlomm

335 3793 431 3843 ellim
454 3804 503 3842 nos
528 3793 583 3842 nne
606 3791 724 3855 psrlculo
752 3792 838 3856 [acere

335 3894 447 3945 «posse,
458 3880 487 3930 Si
495 3880 622 3929 donorum
633 3879 767 3941 turpilius
776 3892 837 3940 pos-

335 3970 492 4020 esessionem
512 3973 540 4018 el
562 3966 613 4017 rel.
635 3965 713 4017 Cous.
738 3966 836 4016 liusen-

334 4057 404 4108 uum
430 4056 464 4106 de
493 4068 589 4105 csusss
622 4053 724 4103 Siliano
752 4068 778 4117 p.
807 4053 834 4102 i.

334 4144 379 4196 1³.
403 4167 429 4178 -
453 4144 520 4194 Item
541 4144 568 4193 iu
589 4143 699 4191 Verrem
716 4140 771 4201 111,
790 4142 837 4191 57.

334 4247 411 4297 seqq.
431 4231 484 4281 «Ρ.
504 4231 621 4281 Rubrius
637 4229 670 4292 Q.
685 4231 835 4294 Apronium

900 1148 1070 1210 «sponsione
1091 1146 1240 1206 lucessiuit,
1265 1146 1298 1198 Ni
1317 1147 1403 1210 Apro-

899 1237 983 1285 snius
1001 1236 1145 1291 dictitsrot,
1165 1241 1192 1286 ts
1209 1235 1260 1285 sibi
1280 1236 1308 1285 in
1322 1235 1404 1286 decu·

899 1326 974 1373 emis
992 1338 1053 1374 esse
1070 1324 1175 1374 socium
1189 1356 1196 1371 .
1212 1359 1221 1375 .
1235 1338 1263 1383 .;
1283 1337 1341 1374 crem
1361 1337 1405 1374 eo·

899 1414 979 1463 edem
996 1414 1114 1476 Apronio
1130 1419 1225 1476 postes
1243 1414 1275 1463 P.
1294 1411 1404 1463 Scandi-

898 1501 973 1551 «lius
982 1501 1096 1552 eundem
1106 1503 1271 1566 sponsionem
1279 1501 1402 1565 {ecit:..·

898 1588 989 1639 «iactu
1000 1594 1041 1640 est
1051 1591 1161 1653 sponsio
1175 1591 1228 1642 HS.
1243 1574 1293 1649 ie
1312 1590 1404 1654 coepil

899 1677 1067 1728 «Scandilius
1084 1686 1278 1742 recuperatores
1296 1685 1345 1728 aut
1362 1680 1404 1727 lu·

898 1766 999 1828 «duem
1010 1767 1164 1831 postulare.
1177 1800 1184 1815 .
1196 1799 1204 1814 ·
1215 1767 1333 1830 Sponsio
1345 1772 1402 1817 est:

898 1854 953 1903 ‘Ni
973 1862 998 1904 te
1018 1854 1151 1918 Apronius
1172 1856 1201 1904 in
1223 1855 1338 1906 decumis
1361 1869 1404 1905 so-

897 1944 985 1992 «cium
1005 1956 1056 1993 esse
1076 1943 1297 2001 dicate...abs
1318 1950 1343 1994 te
1363 1944 1404 1993 iu·

896 2031 1012 2081 «dimum
1030 2032 1191 2095 postuletur.
1206 2068 1213 2082 .
1230 2063 1261 2080 ..
1280 2032 1404 2097 Recupe-

897 2124 1022 2171 urstores
1046 2120 1114 2171 dicis
1140 2127 1167 2171 tc
1191 2120 1331 2171 daturum.
1347 2155 1355 2171 .
1370 2153 1401 2167 ..

897 2207 1007 2258 clustst
1031 2208 1180 2258 Scandilius
1202 2222 1310 2272 poscere
1331 2223 1404 2260 remr-

896 2302 1118 2357 operatores...
1138 2291 1259 2361 (Verres)
1284 2297 1351 2348 dicit
1373 2311 1403 2348 se

896 2383 954 2433 ude
979 2385 1091 2434 cohorte
1118 2396 1167 2434 sus
1191 2385 1332 2435 daturum.
1347 2420 1354 2433 .
1371 2419 1399 2434 ..

896 2471 1066 2522 oscandilius
1081 2472 1217 2535 postulare
1229 2474 1260 2524 ds
1271 2481 1404 2524 conuentu

895 2567 1131 2623 «recuperatores,
1151 2594 1159 2609 .
1180 2596 1188 2611 .
1209 2595 1217 2611 .
1237 2569 1322 2625 neget
1342 2576 1403 2614 sese

896 2647 988 2711 uspud
1011 2648 1211 2699 Artemidorum
1227 2658 1403 2715 recuperato·

896 2748 976 2785 «rem
990 2737 1105 2788 uerbum
1118 2751 1177 2788 esso
1191 2737 1344 2799 lucturum
1355 2776 1363 2790 .
1375 2775 1401 2790 ..

895 2823 1036 2886 «postulat
1053 2825 1101 2875 ais
1115 2832 1156 2885 ts,
1174 2833 1205 2876 ut
1221 2827 1333 2877 ltonsum
1347 2841 1403 2878 rem

895 2912 1040 2961 ereiicias.
1062 2945 1069 2959 ·
1091 2949 1098 2964 .
1119 2913 1207 2977 Negas
1232 2920 1259 2964 te
1284 2915 1402 2965 Romam

896 3000 1093 3060 «reiecturum,
1114 3014 1198 3064 nepus
1212 3004 1246 3054 de
1259 3010 1401 3055 conuentu

897 3094 1122 3151 «recuperatores
1140 3089 1283 3152 daturum
1304 3093 1403 3144 cohor·

896 3182 972 3225 stem
993 3182 1065 3225 tuum
1085 3180 1223 3242 proponis.
1249 3179 1403 3231 Scandilius

895 3277 973 3313 urna
994 3277 1021 3314 se
1047 3271 1133 3315 totam
1158 3267 1313 3318 relicturum
1337 3270 1401 3320 dicit

895 3356 1400 3417 setsuotemporeesserediturum....

894 3442 979 3503 equid
994 3441 1082 3493 lucis?
1099 3441 1262 3493 Scandilium
1278 3446 1352 3508 copis
1368 3466 1402 3480 «-

894 3529 1000 3591 «quiet
1017 3533 1182 3594 sponsionem
1201 3539 1338 3594 acceptans
1359 3534 1401 3598 [α-

892 3618 990 3667 scere?
1016 3618 1189 3681 impudeuler
1209 3619 1283 3669 tollis
1305 3634 1401 3684 exspe-

893 3710 1014 3755 «crurum
1033 3707 1239 3759 existimuliouis
1252 3712 1317 3758 tuse
1332 3709 1401 3759 iudi·

894 3791 1001 3842 rciumt
1013 3807 1069 3842 nou
1078 3792 1155 3843 iacis.
1170 3832 1176 3846 .
1190 3829 1197 3845 .
1211 3833 1217 3846 .
1232 3795 1305 3858 Quid
1318 3798 1401 3859 ergo?

892 3880 981 3943 scopis
993 3916 1000 3929 .
1013 3912 1019 3926 ·
1033 3917 1039 3929 .
1055 3880 1216 3933 Scandilium
1225 3885 1340 3948 quinque
1351 3885 1402 3935 illa

894 3967 990 4017 «mdia
1008 3982 1143 4019 nummum
1161 3971 1227 4022 dare
1247 3978 1332 4035 atque
1352 3973 1402 4023 ud·

893 4065 1050 4106 enumerare
1071 4056 1218 4119 Apronio.»
1264 4059 1325 4109 Hoc
1347 4065 1399 4121 est,

892 4141 1005 4203 opinor,
1033 4145 1244 4206 restipulationis
1267 4160 1400 4199 sumnmm

892 4227 1052 4280 Scandilium
1068 4233 1245 4297 condemnas.
1258 4260 1287 4272 -
1309 4237 1401 4300 Quem
