3114 5046
543 971 676 1056 Index

423 1174 538 1239 iterum
561 1184 593 1239 et
614 1171 801 1240 Verborum.

79 1647 192 1710 Absens,
211 1661 264 1699 non
275 1647 402 1699 defensus
415 1648 472 1705 58..
490 1650 575 1712 reipu.

110 1744 203 1783 caussa
220 1733 261 1782 54,
281 1731 338 1782 ior.

77 1817 223 1878 acquirere.
243 1815 300 1866 538.

75 1900 143 1948 actio
161 1899 195 1949 de
208 1900 233 1948 ui
245 1898 398 1949 hominibus
410 1899 519 1949 armatis
530 1910 578 1947 co-

107 1984 220 2043 actisue,
239 1996 261 2032 s
281 1982 414 2033 bonorum
431 1984 576 2047 raptorum.

107 2065 164 2116 463,
183 2065 240 2117 544.
260 2067 317 2117 573.
335 2067 393 2116 664.
412 2067 470 2116 666.
491 2078 578 2130 poeno

107 2150 165 2199 669.

73 2233 142 2281 actio
153 2234 179 2282 in
191 2246 249 2282 rem
260 2247 309 2297 per
320 2235 500 2298 sponsionem.
519 2233 576 2283 368.

74 2317 141 2364 actio
158 2315 223 2377 tegis
239 2314 366 2378 Aquiliae.
383 2313 440 2365 559.
454 2315 511 2365 582.

73 2400 142 2448 actio
158 2397 300 2460 Rutiliana,
319 2399 454 2449 Seruiano.
469 2398 511 2448 76.

73 2483 192 2532 actiones
209 2482 374 2532 arbitrariae.
388 2480 445 2532 549.

74 2568 192 2616 actiones
210 2566 280 2616 iurti.
296 2565 353 2616 559.
367 2565 424 2615 576.
437 2565 494 2615 580.

75 2651 192 2700 actiones
201 2662 269 2712 quae
277 2648 390 2699 tamiiiae
400 2649 506 2699 nomine
515 2646 579 2698 dan·

107 2735 158 2783 tur.
171 2733 228 2783 369.
242 2734 300 2783 552.
313 2732 371 2783 aar.

75 2815 147 2866 ad-
158 2820 193 2866 at.
206 2816 264 2867 536.

75 2900 190 2950 addictio
207 2899 350 2950 bonorum.
363 2898 403 2949 73.
416 2900 458 2949 ro.

75 2986 199 3047 agnatus,
212 2985 239 3034 in
251 2983 336 3033 Codd.
347 2981 577 3047 corruptumst&

74 3067 216 3118 Albianum
232 3068 368 3116 iudicium.
381 3065 439 3117 468.

75 3150 218 3215 ampliatio.
231 3151 289 3200 err,

75 3248 161 3285 annus
169 3236 196 3284 in
206 3234 345 3284 interdicto
354 3234 388 3284 de
397 3234 433 3283 ui.
445 3231 502 3284 345.
510 3232 579 3293 356..

108 3319 134 3368 in
146 3319 250 3367 actione
262 3317 296 3368 de
307 3317 336 3368 ui
350 3318 394 3368 bo.
407 3330 475 3367 arm.
488 3317 546 3367 595.

76 3401 216 3467 appellatio
224 3400 401 3451 Tribunorum
407 3398 578 3465 pi.,etc.439.

108 3486 164 3535 454.
179 3486 235 3535 bii.

75 3569 252 3634 apprehensio
257 3567 578 3632 possessionisbonorum.

110 3651 167 3702 485.

77 3748 144 3798 aqua
157 3738 184 3784 et
195 3735 247 3797 igni
260 3735 429 3785 interdicere.
442 3734 499 3785 528.

78 3830 188 3881 argrrere
200 3832 216 3868 a
227 3819 318 3869 uerbis
330 3846 357 3855 -
371 3831 386 3868 a
397 3819 508 3868 ratione.
522 3817 579 3869 386.

108 3900 165 3952 548.
180 3900 237 3953 583.

76 3986 232 4047 argumenta
253 3984 400 4035 aduersarii
423 3985 579 4036 deformata.

108 4067 166 4117 386.
188 4065 245 4118 ito.
266 4068 324 4119 625.
344 4068 416 4130 oro,
436 4068 581 4119 infinniora

109 4148 197 4200 obiter
212 4150 322 4215 prolata.
342 4151 399 4204 375.

75 4232 265 4286 Ariminenses.
285 4233 342 4286 565.

634 1647 743 1697 armatis
768 1645 920 1696 hominibus
939 1670 967 1682 -
986 1644 1139 1696 hominibus

667 1732 784 1780 armatis.
803 1728 862 1780 544.

634 1816 778 1865 armatisue
789 1841 816 1849 -
828 1826 890 1876 que.
903 1812 961 1863 588.
975 1813 1033 1861 565.

634 1911 770 1949 armorum
787 1896 901 1947 licentia.
920 1896 976 1946 383.

633 1983 756 2033 Arretini.
776 1980 833 2032 506.

634 2067 781 2116 auctiones.
802 2064 843 2113 97.

634 2148 760 2200 auxilium
776 2148 903 2199 futurum.
922 2146 979 2198 453.

633 2318 706 2368 bona
718 2316 866 2382 possidere,
879 2314 1059 2380 proscribere,
1071 2327 1139 2364 uen-

667 2402 741 2451 dere.
754 2400 794 2450 56.
808 2400 849 2449 io.
862 2399 902 2449 98.
916 2398 973 2451 444.

632 2483 767 2534 bonorum
781 2483 941 2533 uenditionis
957 2482 1076 2533 effectus.
1095 2482 1137 2532 76.

633 2569 735 2702 564604ιο44]
752 2653 780 2700 ei
795 2663 921 2713 aequum.
939 2649 997 2700 593.

636 2819 751 2870 Caecina
768 2818 863 2868 uicerit
879 2830 912 2867 an
924 2816 1062 2867 Aebutius.
1081 2815 1138 2866 334.

668 2901 726 2952 536.

635 2987 742 3036 caetera
760 2998 792 3035 ex
809 2983 930 3035 tonnula.
951 2984 1009 3035 ori.

636 3072 717 3135 caput
731 3070 833 3134 patere.
847 3069 904 3119 436.
919 3067 975 3119 its.

636 3165 732 3204 caussa
754 3151 888 3203 bonorum
904 3150 1139 3217 possidendorum.

669 3237 710 3287 58.

636 3332 749 3371 caussae
766 3318 888 3382 cognitio.
907 3319 948 3369 ao.

636 3404 757 3454 censoria
774 3402 979 3453 animaduersio.
999 3402 1055 3451 456.

637 3487 730 3538 ciuitas
741 3486 876 3551 adempta.
889 3486 947 3537 564.
958 3485 1027 3543 566.;
1040 3484 1104 3548 quid
1116 3485 1142 3535 in

668 3571 809 3621 interdicto
817 3570 850 3620 de
859 3569 1015 3620 uiuaiuerit.
1024 3567 1140 3620 505559.

637 3656 721 3707 coacti
738 3655 869 3705 homines.
883 3654 939 3703 337.
952 3654 1010 3704 567.

638 3740 768 3790 Codicum
784 3752 849 3788 mss.
864 3737 969 3787 habitus
984 3738 1010 3786 et
1026 3737 1143 3786 auctori-

670 3826 719 3872 tas.
733 3822 790 3871 498.
803 3820 861 3871 399.

637 3902 1140 3957 coioniaeLatmaexnsiuexvinsoa.

637 3989 766 4040 concitus.
787 3986 844 4039 545.

638 4071 786 4123 confessus.
805 4072 846 4122 53.

638 4156 827 4207 Coniunctiuus
843 4182 871 4191 -
887 4156 1057 4207 indicatiuus.
1084 4153 1141 4207 583.

671 4239 729 4290 594.
748 4239 805 4289 545.
824 4238 881 4289 536.
