<?xml version="1.0" encoding="UTF-8"?>
<!DOCTYPE html PUBLIC "-//W3C//DTD XHTML 1.0 Transitional//EN"
    "http://www.w3.org/TR/xhtml1/DTD/xhtml1-transitional.dtd">
<html xmlns="http://www.w3.org/1999/xhtml" xml:lang="en" lang="en">
 <head>
  <title>
</title>
<meta http-equiv="Content-Type" content="text/html;charset=utf-8" />
  <meta name='ocr-system' content='tesseract 3.04.00' />
  <meta name='ocr-capabilities' content='ocr_page ocr_carea ocr_par ocr_line ocrx_word'/>
</head>
<body>
  <div class='ocr_page' id='page_1' title='image "./semestriumadmtu00kellgoog_0655.png"; bbox 0 0 3114 5046; ppageno 0'>
   <div class='ocr_carea' id='block_1_1' title="bbox 360 345 1061 449">
    <p class='ocr_par' dir='ltr' id='par_1_1' title="bbox 360 345 1061 449">
     <span class='ocr_line' id='line_1_1' title="bbox 360 345 1061 449; baseline 0.003 -29"><span class='ocrx_word' id='word_1_1' title='bbox 360 361 397 437; x_wconf 77' lang='lat' dir='ltr'><strong>s.</strong></span> <span class='ocrx_word' id='word_1_2' title='bbox 423 347 462 423; x_wconf 80' lang='lat'><strong>5.</strong></span> <span class='ocrx_word' id='word_1_3' title='bbox 494 345 577 421; x_wconf 79' lang='lat' dir='ltr'><strong>‘De</strong></span> <span class='ocrx_word' id='word_1_4' title='bbox 603 347 839 449; x_wconf 78' lang='lat' dir='ltr'><strong>Arpamenio</strong></span> <span class='ocrx_word' id='word_1_5' title='bbox 866 353 1061 423; x_wconf 85' lang='lat' dir='ltr'><strong>orationis.</strong></span> 
     </span>
    </p>
   </div>
   <div class='ocr_carea' id='block_1_2' title="bbox 1180 370 1242 432">
    <p class='ocr_par' dir='ltr' id='par_1_2' title="bbox 1180 370 1242 432">
     <span class='ocr_line' id='line_1_2' title="bbox 1180 370 1242 432; baseline 0.016 -1"><span class='ocrx_word' id='word_1_6' title='bbox 1180 370 1242 432; x_wconf 82' lang='lat'><strong>61³</strong></span> 
     </span>
    </p>
   </div>
   <div class='ocr_carea' id='block_1_3' title="bbox 175 498 1456 2195">
    <p class='ocr_par' dir='ltr' id='par_1_3' title="bbox 175 498 1456 2195">
     <span class='ocr_line' id='line_1_3' title="bbox 180 498 1456 639; baseline 0.002 -47"><span class='ocrx_word' id='word_1_7' title='bbox 180 545 277 612; x_wconf 84' lang='lat' dir='ltr'><strong>quom</strong></span> <span class='ocrx_word' id='word_1_8' title='bbox 301 498 496 612; x_wconf 88' lang='lat' dir='ltr'><strong>praesertim</strong></span> <span class='ocrx_word' id='word_1_9' title='bbox 519 530 626 592; x_wconf 85' lang='lat' dir='ltr'><strong>altera</strong></span> <span class='ocrx_word' id='word_1_10' title='bbox 642 546 782 593; x_wconf 84' lang='lat' dir='ltr'><strong>caussae</strong></span> <span class='ocrx_word' id='word_1_11' title='bbox 797 531 886 593; x_wconf 87' lang='lat' dir='ltr'><strong>actio</strong></span> <span class='ocrx_word' id='word_1_12' title='bbox 903 535 1013 616; x_wconf 81' lang='lat' dir='ltr'><strong>esset,</strong></span> <span class='ocrx_word' id='word_1_13' title='bbox 1036 531 1127 594; x_wconf 86' lang='lat' dir='ltr'><strong>noiio</strong></span> <span class='ocrx_word' id='word_1_14' title='bbox 1143 535 1400 639; x_wconf 33' lang='lat' dir='ltr'><strong>parient-‘guono-</strong></span> <span class='ocrx_word' id='word_1_15' title='bbox 1421 498 1425 505; x_wconf 31' lang='lat'>&#39;</span> <span class='ocrx_word' id='word_1_16' title='bbox 1453 504 1456 510; x_wconf 38' lang='grc'><strong>’</strong></span> 
     </span>
     <span class='ocr_line' id='line_1_4' title="bbox 179 648 1244 737; baseline 0.003 -23"><span class='ocrx_word' id='word_1_17' title='bbox 179 648 347 736; x_wconf 86' lang='lat' dir='ltr'><strong>potuisset</strong></span> <span class='ocrx_word' id='word_1_18' title='bbox 369 651 503 714; x_wconf 86' lang='lat' dir='ltr'><strong>silentio</strong></span> <span class='ocrx_word' id='word_1_19' title='bbox 527 651 712 733; x_wconf 87' lang='lat' dir='ltr'><strong>praeteriri.</strong></span> <span class='ocrx_word' id='word_1_20' title='bbox 755 649 837 715; x_wconf 84' lang='lat' dir='ltr'><strong>Pius</strong></span> <span class='ocrx_word' id='word_1_21' title='bbox 858 652 1012 715; x_wconf 77' lang='lat' dir='ltr'><strong>arbitror.</strong></span> <span class='ocrx_word' id='word_1_22' title='bbox 1045 653 1112 716; x_wconf 84' lang='lat' dir='ltr'><strong>Vix</strong></span> <span class='ocrx_word' id='word_1_23' title='bbox 1134 655 1244 737; x_wconf 87' lang='lat' dir='ltr'><strong>potoit</strong></span> 
     </span>
     <span class='ocr_line' id='line_1_5' title="bbox 179 774 1244 862; baseline 0 -25"><span class='ocrx_word' id='word_1_24' title='bbox 179 776 311 852; x_wconf 86' lang='lat' dir='ltr'><strong>orator,</strong></span> <span class='ocrx_word' id='word_1_25' title='bbox 334 791 430 855; x_wconf 86' lang='lat' dir='ltr'><strong>quum</strong></span> <span class='ocrx_word' id='word_1_26' title='bbox 455 774 590 855; x_wconf 87' lang='lat' dir='ltr'><strong>primum</strong></span> <span class='ocrx_word' id='word_1_27' title='bbox 614 790 694 836; x_wconf 90' lang='lat' dir='ltr'><strong>eam·</strong></span> <span class='ocrx_word' id='word_1_28' title='bbox 707 790 775 835; x_wconf 85' lang='lat' dir='ltr'><strong>reru</strong></span> <span class='ocrx_word' id='word_1_29' title='bbox 792 774 825 835; x_wconf 91' lang='lat' dir='ltr'><strong>in</strong></span> <span class='ocrx_word' id='word_1_30' title='bbox 842 775 1033 838; x_wconf 77' lang='lat' dir='ltr'><strong>narratione</strong></span> <span class='ocrx_word' id='word_1_31' title='bbox 1049 775 1244 862; x_wconf 81' lang='lat' dir='ltr'><strong>attingeret,</strong></span> 
     </span>
     <span class='ocr_line' id='line_1_6' title="bbox 179 892 1243 977; baseline 0.002 -19"><span class='ocrx_word' id='word_1_32' title='bbox 179 892 297 977; x_wconf 89' lang='lat' dir='ltr'><strong>paucis</strong></span> <span class='ocrx_word' id='word_1_33' title='bbox 319 892 431 958; x_wconf 87' lang='lat' dir='ltr'><strong>uerbis</strong></span> <span class='ocrx_word' id='word_1_34' title='bbox 454 911 525 958; x_wconf 89' lang='lat' dir='ltr'><strong>eam</strong></span> <span class='ocrx_word' id='word_1_35' title='bbox 547 892 782 959; x_wconf 85' lang='lat' dir='ltr'><strong>absoluereei</strong></span> <span class='ocrx_word' id='word_1_36' title='bbox 804 893 979 959; x_wconf 88' lang='lat' dir='ltr'><strong>dimittere.</strong></span> <span class='ocrx_word' id='word_1_37' title='bbox 1022 894 1243 960; x_wconf 79' lang='lat' dir='ltr'><strong>Etenimnon</strong></span> 
     </span>
     <span class='ocr_line' id='line_1_7' title="bbox 177 1013 1245 1101; baseline 0.001 -21"><span class='ocrx_word' id='word_1_38' title='bbox 177 1014 285 1080; x_wconf 83' lang='lat' dir='ltr'><strong>solum</strong></span> <span class='ocrx_word' id='word_1_39' title='bbox 308 1033 372 1098; x_wconf 87' lang='lat' dir='ltr'><strong>quo</strong></span> <span class='ocrx_word' id='word_1_40' title='bbox 394 1015 464 1077; x_wconf 86' lang='lat' dir='ltr'><strong>iure</strong></span> <span class='ocrx_word' id='word_1_41' title='bbox 487 1018 578 1079; x_wconf 80' lang='lat' dir='ltr'><strong>esset</strong></span> <span class='ocrx_word' id='word_1_42' title='bbox 601 1013 788 1101; x_wconf 84' lang='lat' dir='ltr'><strong>censenda,</strong></span> <span class='ocrx_word' id='word_1_43' title='bbox 809 1015 872 1080; x_wconf 90' lang='lat' dir='ltr'><strong>sed</strong></span> <span class='ocrx_word' id='word_1_44' title='bbox 894 1015 936 1080; x_wconf 91' lang='lat' dir='ltr'><strong>de</strong></span> <span class='ocrx_word' id='word_1_45' title='bbox 958 1019 1031 1100; x_wconf 88' lang='lat' dir='ltr'><strong>ipso</strong></span> <span class='ocrx_word' id='word_1_46' title='bbox 1052 1017 1143 1081; x_wconf 87' lang='lat' dir='ltr'><strong>iacto</strong></span> <span class='ocrx_word' id='word_1_47' title='bbox 1158 1035 1245 1083; x_wconf 91' lang='lat' dir='ltr'><strong>con-</strong></span> 
     </span>
     <span class='ocr_line' id='line_1_8' title="bbox 178 1131 1243 1220; baseline 0.003 -22"><span class='ocrx_word' id='word_1_48' title='bbox 178 1138 376 1200; x_wconf 82' lang='lat' dir='ltr'><strong>trouersiam</strong></span> <span class='ocrx_word' id='word_1_49' title='bbox 404 1136 507 1200; x_wconf 79' lang='lat' dir='ltr'><strong>fuisso</strong></span> <span class='ocrx_word' id='word_1_50' title='bbox 538 1131 765 1218; x_wconf 78' lang='lat' dir='ltr'><strong>docemur¹³),</strong></span> <span class='ocrx_word' id='word_1_51' title='bbox 799 1155 861 1202; x_wconf 88' lang='lat' dir='ltr'><strong>nee</strong></span> <span class='ocrx_word' id='word_1_52' title='bbox 891 1139 1086 1220; x_wconf 78' lang='lat' dir='ltr'><strong>tamenim,</strong></span> <span class='ocrx_word' id='word_1_53' title='bbox 1117 1141 1243 1210; x_wconf 86' lang='lat' dir='ltr'><strong>utrem</strong></span> 
     </span>
     <span class='ocr_line' id='line_1_9' title="bbox 176 1252 1243 1343; baseline 0.002 -22"><span class='ocrx_word' id='word_1_54' title='bbox 176 1261 282 1322; x_wconf 87' lang='lat' dir='ltr'><strong>totam</strong></span> <span class='ocrx_word' id='word_1_55' title='bbox 303 1252 424 1331; x_wconf 78' lang='lat' dir='ltr'><strong>Cicero</strong></span> <span class='ocrx_word' id='word_1_56' title='bbox 445 1257 639 1340; x_wconf 79' lang='lat' dir='ltr'><strong>simpliciter</strong></span> <span class='ocrx_word' id='word_1_57' title='bbox 660 1257 878 1343; x_wconf 84' lang='lat' dir='ltr'><strong>infitiaretur,</strong></span> <span class='ocrx_word' id='word_1_58' title='bbox 899 1258 958 1323; x_wconf 89' lang='lat' dir='ltr'><strong>sed</strong></span> <span class='ocrx_word' id='word_1_59' title='bbox 980 1263 1016 1322; x_wconf 88' lang='lat' dir='ltr'><strong>ut</strong></span> <span class='ocrx_word' id='word_1_60' title='bbox 1031 1260 1129 1324; x_wconf 88' lang='lat' dir='ltr'><strong>aliter</strong></span> <span class='ocrx_word' id='word_1_61' title='bbox 1142 1264 1243 1343; x_wconf 90' lang='lat' dir='ltr'><strong>atque</strong></span> 
     </span>
     <span class='ocr_line' id='line_1_10' title="bbox 176 1376 1242 1462; baseline 0.001 -19"><span class='ocrx_word' id='word_1_62' title='bbox 176 1376 392 1444; x_wconf 85' lang='lat' dir='ltr'><strong>aduersarios</strong></span> <span class='ocrx_word' id='word_1_63' title='bbox 414 1382 602 1462; x_wconf 81' lang='lat' dir='ltr'><strong>narrasset,</strong></span> <span class='ocrx_word' id='word_1_64' title='bbox 624 1381 829 1445; x_wconf 83' lang='lat' dir='ltr'><strong>commissam</strong></span> <span class='ocrx_word' id='word_1_65' title='bbox 853 1399 928 1446; x_wconf 87' lang='lat' dir='ltr'><strong>esse</strong></span> <span class='ocrx_word' id='word_1_66' title='bbox 944 1380 1180 1445; x_wconf 81' lang='lat' dir='ltr'><strong>contenderet:</strong></span> <span class='ocrx_word' id='word_1_67' title='bbox 1206 1385 1242 1444; x_wconf 89' lang='lat' dir='ltr'><strong>ut</strong></span> 
     </span>
     <span class='ocr_line' id='line_1_11' title="bbox 176 1500 1258 1586; baseline -0.002 -20"><span class='ocrx_word' id='word_1_68' title='bbox 176 1517 258 1566; x_wconf 84' lang='lat' dir='ltr'><strong>eece</strong></span> <span class='ocrx_word' id='word_1_69' title='bbox 280 1518 377 1565; x_wconf 90' lang='lat' dir='ltr'><strong>nemo</strong></span> <span class='ocrx_word' id='word_1_70' title='bbox 398 1501 460 1565; x_wconf 86' lang='lat' dir='ltr'><strong>sibi</strong></span> <span class='ocrx_word' id='word_1_71' title='bbox 484 1501 717 1586; x_wconf 83' lang='lat' dir='ltr'><strong>persuadebit,</strong></span> <span class='ocrx_word' id='word_1_72' title='bbox 747 1506 850 1565; x_wconf 88' lang='lat' dir='ltr'><strong>totum</strong></span> <span class='ocrx_word' id='word_1_73' title='bbox 873 1500 953 1576; x_wconf 82' lang='lat' dir='ltr'><strong>iliud</strong></span> <span class='ocrx_word' id='word_1_74' title='bbox 977 1501 1163 1566; x_wconf 82' lang='lat' dir='ltr'><strong>incendium</strong></span> <span class='ocrx_word' id='word_1_75' title='bbox 1185 1506 1258 1566; x_wconf 83' lang='lat' dir='ltr'><strong>aui</strong></span> 
     </span>
     <span class='ocr_line' id='line_1_12' title="bbox 176 1620 1244 1711; baseline -0.001 -23"><span class='ocrx_word' id='word_1_76' title='bbox 176 1620 317 1688; x_wconf 79' lang='lat' dir='ltr'><strong>Fabium</strong></span> <span class='ocrx_word' id='word_1_77' title='bbox 350 1624 540 1687; x_wconf 88' lang='lat' dir='ltr'><strong>ementitum</strong></span> <span class='ocrx_word' id='word_1_78' title='bbox 571 1641 665 1704; x_wconf 85' lang='lat' dir='ltr'><strong>esse,</strong></span> <span class='ocrx_word' id='word_1_79' title='bbox 693 1628 757 1701; x_wconf 21' lang='lat' dir='ltr'><strong>,aut</strong></span> <span class='ocrx_word' id='word_1_80' title='bbox 788 1626 880 1706; x_wconf 86' lang='lat' dir='ltr'><strong>quasi</strong></span> <span class='ocrx_word' id='word_1_81' title='bbox 906 1623 1012 1688; x_wconf 83' lang='lat' dir='ltr'><strong>fictum</strong></span> <span class='ocrx_word' id='word_1_82' title='bbox 1036 1641 1244 1711; x_wconf 81' lang='lat' dir='ltr'><strong>pernegasso</strong></span> 
     </span>
     <span class='ocr_line' id='line_1_13' title="bbox 176 1742 1282 1832; baseline -0.002 -23"><span class='ocrx_word' id='word_1_83' title='bbox 176 1742 336 1820; x_wconf 77' lang='lat' dir='ltr'><strong>Tullium3</strong></span> <span class='ocrx_word' id='word_1_84' title='bbox 368 1742 411 1807; x_wconf 89' lang='lat' dir='ltr'><strong>ad</strong></span> <span class='ocrx_word' id='word_1_85' title='bbox 437 1763 593 1808; x_wconf 90' lang='lat' dir='ltr'><strong>summum</strong></span> <span class='ocrx_word' id='word_1_86' title='bbox 623 1743 677 1808; x_wconf 88' lang='lat' dir='ltr'><strong>hic</strong></span> <span class='ocrx_word' id='word_1_87' title='bbox 706 1746 899 1832; x_wconf 83' lang='lat' dir='ltr'><strong>negauerit,</strong></span> <span class='ocrx_word' id='word_1_88' title='bbox 931 1761 952 1808; x_wconf 94' lang='lat' dir='ltr'><strong>a</strong></span> <span class='ocrx_word' id='word_1_89' title='bbox 982 1745 1052 1807; x_wconf 88' lang='lat' dir='ltr'><strong>suis</strong></span> <span class='ocrx_word' id='word_1_90' title='bbox 1074 1747 1242 1809; x_wconf 87' lang='lat' dir='ltr'><strong>incensam</strong></span> <span class='ocrx_word' id='word_1_91' title='bbox 1278 1818 1282 1825; x_wconf 23' lang='lat'><strong><em>¹</em></strong></span> 
     </span>
     <span class='ocr_line' id='line_1_14' title="bbox 177 1863 1240 1951; baseline -0.002 -21"><span class='ocrx_word' id='word_1_92' title='bbox 177 1882 254 1930; x_wconf 87' lang='lat' dir='ltr'><strong>csse</strong></span> <span class='ocrx_word' id='word_1_93' title='bbox 288 1883 416 1947; x_wconf 87' lang='lat' dir='ltr'><strong>casam,</strong></span> <span class='ocrx_word' id='word_1_94' title='bbox 450 1863 680 1951; x_wconf 85' lang='lat' dir='ltr'><strong>diuersumque</strong></span> <span class='ocrx_word' id='word_1_95' title='bbox 713 1864 856 1930; x_wconf 82' lang='lat' dir='ltr'><strong>incendii</strong></span> <span class='ocrx_word' id='word_1_96' title='bbox 891 1883 1042 1937; x_wconf 83' lang='lat' dir='ltr'><strong>caussam</strong></span> <span class='ocrx_word' id='word_1_97' title='bbox 1077 1865 1240 1947; x_wconf 83' lang='lat' dir='ltr'><strong>attulerit,</strong></span> 
     </span>
     <span class='ocr_line' id='line_1_15' title="bbox 175 1970 1241 2068; baseline -0.002 -16"><span class='ocrx_word' id='word_1_98' title='bbox 175 1987 315 2052; x_wconf 85' lang='lat' dir='ltr'><strong>simiiiue</strong></span> <span class='ocrx_word' id='word_1_99' title='bbox 344 1970 475 2051; x_wconf 88' lang='lat' dir='ltr'><strong>ratione</strong></span> <span class='ocrx_word' id='word_1_100' title='bbox 504 1986 689 2053; x_wconf 88' lang='lat' dir='ltr'><strong>aduersarii</strong></span> <span class='ocrx_word' id='word_1_101' title='bbox 722 1989 944 2052; x_wconf 84' lang='lat' dir='ltr'><strong>narrationem</strong></span> <span class='ocrx_word' id='word_1_102' title='bbox 974 1989 1153 2050; x_wconf 86' lang='lat' dir='ltr'><strong>uariauorit</strong></span> <span class='ocrx_word' id='word_1_103' title='bbox 1177 2005 1241 2068; x_wconf 94' lang='lat' dir='ltr'><strong>op-</strong></span> 
     </span>
     <span class='ocr_line' id='line_1_16' title="bbox 177 2111 455 2195; baseline 0 -24"><span class='ocrx_word' id='word_1_104' title='bbox 177 2111 455 2195; x_wconf 79' lang='lat' dir='ltr'><strong>pugnaueritque.</strong></span> 
     </span>
    </p>
   </div>
   <div class='ocr_carea' id='block_1_4' title="bbox 173 2265 1242 2958">
    <p class='ocr_par' dir='ltr' id='par_1_4' title="bbox 173 2265 1242 2958">
     <span class='ocr_line' id='line_1_17' title="bbox 239 2265 1241 2354; baseline 0 -23"><span class='ocrx_word' id='word_1_105' title='bbox 239 2265 419 2332; x_wconf 75' lang='lat' dir='ltr'><strong>Enimuero</strong></span> <span class='ocrx_word' id='word_1_106' title='bbox 442 2268 470 2332; x_wconf 93' lang='lat' dir='ltr'><strong>si</strong></span> <span class='ocrx_word' id='word_1_107' title='bbox 494 2285 673 2354; x_wconf 88' lang='lat' dir='ltr'><strong>ponamus,</strong></span> <span class='ocrx_word' id='word_1_108' title='bbox 695 2269 802 2333; x_wconf 84' lang='lat' dir='ltr'><strong>insius</strong></span> <span class='ocrx_word' id='word_1_109' title='bbox 825 2271 990 2333; x_wconf 89' lang='lat' dir='ltr'><strong>oratorem</strong></span> <span class='ocrx_word' id='word_1_110' title='bbox 1014 2266 1055 2332; x_wconf 92' lang='lat' dir='ltr'><strong>de</strong></span> <span class='ocrx_word' id='word_1_111' title='bbox 1076 2268 1133 2330; x_wconf 86' lang='lat' dir='ltr'><strong>iiio</strong></span> <span class='ocrx_word' id='word_1_112' title='bbox 1150 2267 1241 2332; x_wconf 80' lang='lat' dir='ltr'><strong>fricto</strong></span> 
     </span>
     <span class='ocr_line' id='line_1_18' title="bbox 175 2387 1242 2474; baseline 0.001 -24"><span class='ocrx_word' id='word_1_113' title='bbox 175 2388 209 2453; x_wconf 93' lang='lat' dir='ltr'><strong>in</strong></span> <span class='ocrx_word' id='word_1_114' title='bbox 232 2405 269 2453; x_wconf 89' lang='lat' dir='ltr'><strong>re</strong></span> <span class='ocrx_word' id='word_1_115' title='bbox 292 2388 460 2453; x_wconf 87' lang='lat' dir='ltr'><strong>narranda</strong></span> <span class='ocrx_word' id='word_1_116' title='bbox 481 2387 697 2474; x_wconf 85' lang='lat' dir='ltr'><strong>disseruisse,</strong></span> <span class='ocrx_word' id='word_1_117' title='bbox 725 2390 917 2454; x_wconf 84' lang='lat' dir='ltr'><strong>necessaria</strong></span> <span class='ocrx_word' id='word_1_118' title='bbox 950 2390 1079 2453; x_wconf 92' lang='lat' dir='ltr'><strong>ratione</strong></span> <span class='ocrx_word' id='word_1_119' title='bbox 1102 2407 1142 2452; x_wconf 92' lang='lat' dir='ltr'><strong>eo</strong></span> <span class='ocrx_word' id='word_1_120' title='bbox 1165 2387 1242 2452; x_wconf 87' lang='lat' dir='ltr'><strong>adi-</strong></span> 
     </span>
     <span class='ocr_line' id='line_1_19' title="bbox 174 2481 1242 2598; baseline -0.001 -24"><span class='ocrx_word' id='word_1_121' title='bbox 174 2527 308 2598; x_wconf 80' lang='lat' dir='ltr'><strong>gamur,</strong></span> <span class='ocrx_word' id='word_1_122' title='bbox 331 2514 366 2574; x_wconf 91' lang='lat' dir='ltr'><strong>ut</strong></span> <span class='ocrx_word' id='word_1_123' title='bbox 390 2515 591 2593; x_wconf 88' lang='lat' dir='ltr'><strong>statuamus,</strong></span> <span class='ocrx_word' id='word_1_124' title='bbox 614 2512 646 2574; x_wconf 94' lang='lat' dir='ltr'><strong>in</strong></span> <span class='ocrx_word' id='word_1_125' title='bbox 670 2481 734 2595; x_wconf 70' lang='lat' dir='ltr'><strong>uua</strong></span> <span class='ocrx_word' id='word_1_126' title='bbox 757 2528 927 2579; x_wconf 90' lang='lat' dir='ltr'><strong>uersamur</strong></span> <span class='ocrx_word' id='word_1_127' title='bbox 950 2511 1112 2574; x_wconf 86' lang='lat' dir='ltr'><strong>orationis</strong></span> <span class='ocrx_word' id='word_1_128' title='bbox 1134 2514 1242 2594; x_wconf 88' lang='lat' dir='ltr'><strong>parte,</strong></span> 
     </span>
     <span class='ocr_line' id='line_1_20' title="bbox 174 2628 1241 2715; baseline 0.001 -21"><span class='ocrx_word' id='word_1_129' title='bbox 174 2632 219 2696; x_wconf 85' lang='lat' dir='ltr'><strong>iii</strong></span> <span class='ocrx_word' id='word_1_130' title='bbox 243 2636 380 2715; x_wconf 87' lang='lat' dir='ltr'><strong>praeter</strong></span> <span class='ocrx_word' id='word_1_131' title='bbox 401 2631 552 2698; x_wconf 85' lang='lat' dir='ltr'><strong>undecim</strong></span> <span class='ocrx_word' id='word_1_132' title='bbox 575 2633 776 2713; x_wconf 81' lang='lat' dir='ltr'><strong>uersiculos,</strong></span> <span class='ocrx_word' id='word_1_133' title='bbox 798 2633 906 2696; x_wconf 89' lang='lat' dir='ltr'><strong>cultro</strong></span> <span class='ocrx_word' id='word_1_134' title='bbox 929 2652 949 2695; x_wconf 94' lang='lat' dir='ltr'><strong>a</strong></span> <span class='ocrx_word' id='word_1_135' title='bbox 973 2631 1053 2694; x_wconf 83' lang='lat' dir='ltr'><strong>folio</strong></span> <span class='ocrx_word' id='word_1_136' title='bbox 1072 2628 1241 2715; x_wconf 85' lang='lat' dir='ltr'><strong>desectos,</strong></span> 
     </span>
     <span class='ocr_line' id='line_1_21' title="bbox 174 2751 1239 2841; baseline 0.001 -26"><span class='ocrx_word' id='word_1_137' title='bbox 174 2753 342 2841; x_wconf 80' lang='lat' dir='ltr'><strong>integrum</strong></span> <span class='ocrx_word' id='word_1_138' title='bbox 365 2755 462 2818; x_wconf 90' lang='lat' dir='ltr'><strong>eiiam</strong></span> <span class='ocrx_word' id='word_1_139' title='bbox 486 2755 616 2836; x_wconf 80' lang='lat' dir='ltr'><strong>sotium,</strong></span> <span class='ocrx_word' id='word_1_140' title='bbox 638 2773 736 2817; x_wconf 91' lang='lat' dir='ltr'><strong>unum</strong></span> <span class='ocrx_word' id='word_1_141' title='bbox 760 2754 909 2836; x_wconf 89' lang='lat' dir='ltr'><strong>piuraue,</strong></span> <span class='ocrx_word' id='word_1_142' title='bbox 932 2751 1132 2835; x_wconf 87' lang='lat' dir='ltr'><strong>desiderari,</strong></span> <span class='ocrx_word' id='word_1_143' title='bbox 1155 2769 1239 2837; x_wconf 88' lang='lat' dir='ltr'><strong>quae</strong></span> 
     </span>
     <span class='ocr_line' id='line_1_22' title="bbox 173 2871 1240 2958; baseline -0.002 -19"><span class='ocrx_word' id='word_1_144' title='bbox 173 2871 262 2940; x_wconf 84' lang='lat' dir='ltr'><strong>hanc</strong></span> <span class='ocrx_word' id='word_1_145' title='bbox 289 2876 493 2940; x_wconf 89' lang='lat' dir='ltr'><strong>narrationis</strong></span> <span class='ocrx_word' id='word_1_146' title='bbox 519 2880 647 2958; x_wconf 90' lang='lat' dir='ltr'><strong>partem</strong></span> <span class='ocrx_word' id='word_1_147' title='bbox 674 2875 910 2939; x_wconf 86' lang='lat' dir='ltr'><strong>continuerint.</strong></span> <span class='ocrx_word' id='word_1_148' title='bbox 952 2874 1035 2939; x_wconf 90' lang='lat' dir='ltr'><strong>Nam</strong></span> <span class='ocrx_word' id='word_1_149' title='bbox 1059 2894 1155 2958; x_wconf 87' lang='lat' dir='ltr'><strong>quum</strong></span> <span class='ocrx_word' id='word_1_150' title='bbox 1179 2893 1240 2938; x_wconf 88' lang='lat' dir='ltr'><strong>su-</strong></span> 
     </span>
    </p>
   </div>
   <div class='ocr_carea' id='block_1_5' title="bbox 173 3162 679 3353">
    <p class='ocr_par' dir='ltr' id='par_1_5' title="bbox 173 3162 679 3353">
     <span class='ocr_line' id='line_1_23' title="bbox 173 3162 679 3252; baseline 0.002 -1"><span class='ocrx_word' id='word_1_151' title='bbox 173 3212 230 3251; x_wconf 80' lang='lat' dir='ltr'><strong>aam</strong></span> <span class='ocrx_word' id='word_1_152' title='bbox 263 3162 349 3250; x_wconf 32' lang='lat' dir='ltr'><strong>&#39;Fabio</strong></span> <span class='ocrx_word' id='word_1_153' title='bbox 384 3200 483 3251; x_wconf 83' lang='lat' dir='ltr'><strong>auitam</strong></span> <span class='ocrx_word' id='word_1_154' title='bbox 518 3213 568 3251; x_wconf 90' lang='lat' dir='ltr'><strong>nec</strong></span> <span class='ocrx_word' id='word_1_155' title='bbox 598 3200 679 3252; x_wconf 81' lang='lat' dir='ltr'><strong>inisse</strong></span> 
     </span>
     <span class='ocr_line' id='line_1_24' title="bbox 173 3286 678 3353; baseline 0 -13"><span class='ocrx_word' id='word_1_156' title='bbox 173 3286 236 3353; x_wconf 58' lang='grc' dir='ltr'><strong>(δῦ.</strong></span> <span class='ocrx_word' id='word_1_157' title='bbox 250 3288 390 3349; x_wconf 71' lang='lat'><strong>47-52.)‚</strong></span> <span class='ocrx_word' id='word_1_158' title='bbox 408 3302 457 3340; x_wconf 86' lang='lat' dir='ltr'><strong>nec</strong></span> <span class='ocrx_word' id='word_1_159' title='bbox 470 3290 583 3340; x_wconf 73' lang='lat' dir='ltr'><strong>suturam</strong></span> <span class='ocrx_word' id='word_1_160' title='bbox 599 3289 678 3341; x_wconf 76' lang='lat' dir='ltr'><strong>rursm</strong></span> 
     </span>
    </p>
   </div>
   <div class='ocr_carea' id='block_1_6' title="bbox 735 3200 1242 3350">
    <p class='ocr_par' dir='ltr' id='par_1_6' title="bbox 735 3200 1242 3350">
     <span class='ocr_line' id='line_1_25' title="bbox 736 3200 1242 3262; baseline -0.004 -12"><span class='ocrx_word' id='word_1_161' title='bbox 736 3201 823 3258; x_wconf 80' lang='lat' dir='ltr'><strong>bitur,</strong></span> <span class='ocrx_word' id='word_1_162' title='bbox 844 3203 909 3262; x_wconf 77' lang='lat' dir='ltr'><strong>cuin</strong></span> <span class='ocrx_word' id='word_1_163' title='bbox 929 3207 1013 3250; x_wconf 88' lang='lat' dir='ltr'><strong>totum</strong></span> <span class='ocrx_word' id='word_1_164' title='bbox 1035 3200 1085 3249; x_wconf 80' lang='lat' dir='ltr'><strong>hoc</strong></span> <span class='ocrx_word' id='word_1_165' title='bbox 1102 3211 1242 3261; x_wconf 68' lang='lat' dir='ltr'><strong>argumen-</strong></span> 
     </span>
     <span class='ocr_line' id='line_1_26' title="bbox 735 3289 1241 3350; baseline -0.002 -11"><span class='ocrx_word' id='word_1_166' title='bbox 735 3298 808 3347; x_wconf 83' lang='lat' dir='ltr'><strong>tum,</strong></span> <span class='ocrx_word' id='word_1_167' title='bbox 829 3289 900 3350; x_wconf 80' lang='lat' dir='ltr'><strong>quod</strong></span> <span class='ocrx_word' id='word_1_168' title='bbox 919 3303 933 3340; x_wconf 86' lang='lat' dir='ltr'><strong>a</strong></span> <span class='ocrx_word' id='word_1_169' title='bbox 953 3301 1013 3340; x_wconf 81' lang='lat' dir='ltr'><strong>cara</strong></span> <span class='ocrx_word' id='word_1_170' title='bbox 1033 3292 1139 3339; x_wconf 87' lang='lat' dir='ltr'><strong>incensa</strong></span> <span class='ocrx_word' id='word_1_171' title='bbox 1156 3294 1182 3338; x_wconf 83' lang='lat' dir='ltr'><strong>ei</strong></span> <span class='ocrx_word' id='word_1_172' title='bbox 1196 3289 1241 3338; x_wconf 83' lang='lat' dir='ltr'><strong>ho·</strong></span> 
     </span>
    </p>
   </div>
   <div class='ocr_carea' id='block_1_7' title="bbox 168 3372 704 4243">
    <p class='ocr_par' dir='ltr' id='par_1_7' title="bbox 168 3372 704 4243">
     <span class='ocr_line' id='line_1_27' title="bbox 172 3372 679 3440; baseline 0.002 -14"><span class='ocrx_word' id='word_1_173' title='bbox 172 3372 293 3440; x_wconf 78' lang='lat' dir='ltr'><strong>(tertio),</strong></span> <span class='ocrx_word' id='word_1_174' title='bbox 323 3382 424 3429; x_wconf 83' lang='lat' dir='ltr'><strong>etiamsi</strong></span> <span class='ocrx_word' id='word_1_175' title='bbox 450 3383 568 3429; x_wconf 87' lang='lat' dir='ltr'><strong>centuria</strong></span> <span class='ocrx_word' id='word_1_176' title='bbox 587 3375 679 3438; x_wconf 85' lang='lat' dir='ltr'><strong>Popu-</strong></span> 
     </span>
     <span class='ocr_line' id='line_1_28' title="bbox 173 3464 679 3530; baseline 0.004 -16"><span class='ocrx_word' id='word_1_177' title='bbox 173 3464 245 3517; x_wconf 90' lang='lat' dir='ltr'><strong>iiaoa</strong></span> <span class='ocrx_word' id='word_1_178' title='bbox 263 3465 487 3528; x_wconf 79' lang='lat' dir='ltr'><strong>aediticiumooe.</strong></span> <span class='ocrx_word' id='word_1_179' title='bbox 512 3470 539 3519; x_wconf 89' lang='lat' dir='ltr'><strong>iu</strong></span> <span class='ocrx_word' id='word_1_180' title='bbox 562 3480 615 3530; x_wconf 79' lang='lat' dir='ltr'><strong>ooo</strong></span> <span class='ocrx_word' id='word_1_181' title='bbox 636 3479 679 3516; x_wconf 87' lang='lat' dir='ltr'><strong>oc·</strong></span> 
     </span>
     <span class='ocr_line' id='line_1_29' title="bbox 172 3554 678 3629; baseline 0.002 -25"><span class='ocrx_word' id='word_1_182' title='bbox 172 3556 292 3629; x_wconf 83' lang='lat' dir='ltr'><strong>cisioesi</strong></span> <span class='ocrx_word' id='word_1_183' title='bbox 305 3556 388 3614; x_wconf 85' lang='lat' dir='ltr'><strong>iacta.</strong></span> <span class='ocrx_word' id='word_1_184' title='bbox 404 3560 461 3606; x_wconf 81' lang='lat' dir='ltr'><strong>eius</strong></span> <span class='ocrx_word' id='word_1_185' title='bbox 476 3563 544 3608; x_wconf 83' lang='lat' dir='ltr'><strong>esset</strong></span> <span class='ocrx_word' id='word_1_186' title='bbox 558 3555 598 3619; x_wconf 63' lang='grc' dir='ltr'><strong>(δ.</strong></span> <span class='ocrx_word' id='word_1_187' title='bbox 610 3554 678 3618; x_wconf 82' lang='grc'>53.),</span> 
     </span>
     <span class='ocr_line' id='line_1_30' title="bbox 173 3643 679 3696; baseline 0 -3"><span class='ocrx_word' id='word_1_188' title='bbox 173 3649 220 3694; x_wconf 91' lang='lat' dir='ltr'><strong>aut</strong></span> <span class='ocrx_word' id='word_1_189' title='bbox 238 3643 421 3694; x_wconf 80' lang='lat' dir='ltr'><strong>Tuiiiauorum</strong></span> <span class='ocrx_word' id='word_1_190' title='bbox 441 3645 534 3696; x_wconf 88' lang='lat' dir='ltr'><strong>iraude</strong></span> <span class='ocrx_word' id='word_1_191' title='bbox 555 3653 606 3695; x_wconf 87' lang='lat' dir='ltr'><strong>iam</strong></span> <span class='ocrx_word' id='word_1_192' title='bbox 625 3657 679 3694; x_wconf 84' lang='lat' dir='ltr'><strong>ser·</strong></span> 
     </span>
     <span class='ocr_line' id='line_1_31' title="bbox 168 3730 677 3797; baseline -0.004 -14"><span class='ocrx_word' id='word_1_193' title='bbox 168 3730 223 3784; x_wconf 81' lang='lat' dir='ltr'><strong>&#39;uua</strong></span> <span class='ocrx_word' id='word_1_194' title='bbox 250 3736 307 3784; x_wconf 88' lang='lat' dir='ltr'><strong>eius</strong></span> <span class='ocrx_word' id='word_1_195' title='bbox 328 3735 503 3795; x_wconf 77' lang='lat' dir='ltr'><strong>disparuisset</strong></span> <span class='ocrx_word' id='word_1_196' title='bbox 521 3747 600 3797; x_wconf 86' lang='lat' dir='ltr'><strong>quem</strong></span> <span class='ocrx_word' id='word_1_197' title='bbox 619 3743 677 3782; x_wconf 82' lang='lat' dir='ltr'><strong>oasa</strong></span> 
     </span>
     <span class='ocr_line' id='line_1_32' title="bbox 174 3821 704 3886; baseline -0.002 -13"><span class='ocrx_word' id='word_1_198' title='bbox 174 3823 360 3886; x_wconf 74' lang='lat' dir='ltr'><strong>managrmsei</strong></span> <span class='ocrx_word' id='word_1_199' title='bbox 386 3821 426 3886; x_wconf 60' lang='grc' dir='ltr'><strong>(ἕ.</strong></span> <span class='ocrx_word' id='word_1_200' title='bbox 446 3823 519 3883; x_wconf 51' lang='grc'><strong>54),</strong></span> <span class='ocrx_word' id='word_1_201' title='bbox 552 3829 597 3872; x_wconf 91' lang='lat' dir='ltr'><strong>aui</strong></span> <span class='ocrx_word' id='word_1_202' title='bbox 622 3825 704 3883; x_wconf 84' lang='lat' dir='ltr'><strong>ipsc·</strong></span> 
     </span>
     <span class='ocr_line' id='line_1_33' title="bbox 175 3910 679 3972; baseline -0.006 -11"><span class='ocrx_word' id='word_1_203' title='bbox 175 3924 269 3964; x_wconf 84' lang='lat' dir='ltr'><strong>reuera</strong></span> <span class='ocrx_word' id='word_1_204' title='bbox 289 3917 445 3972; x_wconf 82' lang='lat' dir='ltr'><strong>metuisset,</strong></span> <span class='ocrx_word' id='word_1_205' title='bbox 466 3926 499 3963; x_wconf 84' lang='lat' dir='ltr'><strong>ne</strong></span> <span class='ocrx_word' id='word_1_206' title='bbox 517 3926 531 3963; x_wconf 87' lang='lat' dir='ltr'><strong>a</strong></span> <span class='ocrx_word' id='word_1_207' title='bbox 547 3911 627 3961; x_wconf 84' lang='lat' dir='ltr'><strong>Tuiiii</strong></span> <span class='ocrx_word' id='word_1_208' title='bbox 642 3910 679 3958; x_wconf 83' lang='lat' dir='ltr'><strong>io·</strong></span> 
     </span>
     <span class='ocr_line' id='line_1_34' title="bbox 175 3998 679 4065; baseline -0.006 -15"><span class='ocrx_word' id='word_1_209' title='bbox 175 4000 246 4052; x_wconf 83' lang='lat' dir='ltr'><strong>mitia</strong></span> <span class='ocrx_word' id='word_1_210' title='bbox 257 4009 456 4065; x_wconf 75' lang='lat' dir='ltr'><strong>oppugnaretur</strong></span> <span class='ocrx_word' id='word_1_211' title='bbox 467 3999 507 4064; x_wconf 60' lang='grc' dir='ltr'><strong>(δ.</strong></span> <span class='ocrx_word' id='word_1_212' title='bbox 519 3998 588 4061; x_wconf 86' lang='grc'>55.).</span> <span class='ocrx_word' id='word_1_213' title='bbox 608 3999 679 4061; x_wconf 87' lang='lat' dir='ltr'><strong>Qua·</strong></span> 
     </span>
     <span class='ocr_line' id='line_1_35' title="bbox 176 4091 680 4143; baseline -0.008 -3"><span class='ocrx_word' id='word_1_214' title='bbox 176 4101 233 4140; x_wconf 82' lang='lat' dir='ltr'><strong>rum</strong></span> <span class='ocrx_word' id='word_1_215' title='bbox 253 4102 341 4143; x_wconf 87' lang='lat' dir='ltr'><strong>rerum</strong></span> <span class='ocrx_word' id='word_1_216' title='bbox 360 4094 381 4140; x_wconf 87' lang='lat' dir='ltr'><strong>ai</strong></span> <span class='ocrx_word' id='word_1_217' title='bbox 399 4093 552 4142; x_wconf 82' lang='lat' dir='ltr'><strong>consecutio</strong></span> <span class='ocrx_word' id='word_1_218' title='bbox 572 4091 680 4139; x_wconf 87' lang='lat' dir='ltr'><strong>coniun-</strong></span> 
     </span>
     <span class='ocr_line' id='line_1_36' title="bbox 177 4176 680 4243; baseline -0.006 -13"><span class='ocrx_word' id='word_1_219' title='bbox 177 4181 284 4243; x_wconf 80' lang='lat' dir='ltr'><strong>ctioque</strong></span> <span class='ocrx_word' id='word_1_220' title='bbox 298 4180 500 4239; x_wconf 73' lang='lat' dir='ltr'><strong>concideretur,</strong></span> <span class='ocrx_word' id='word_1_221' title='bbox 519 4179 562 4231; x_wconf 81' lang='lat' dir='ltr'><strong>nia</strong></span> <span class='ocrx_word' id='word_1_222' title='bbox 576 4176 680 4229; x_wconf 84' lang='lat' dir='ltr'><strong>dubita·</strong></span> 
     </span>
    </p>
   </div>
   <div class='ocr_carea' id='block_1_8' title="bbox 734 3375 1283 4228">
    <p class='ocr_par' dir='ltr' id='par_1_8' title="bbox 734 3375 1283 4228">
     <span class='ocr_line' id='line_1_37' title="bbox 735 3375 1241 3438; baseline 0 -11"><span class='ocrx_word' id='word_1_223' title='bbox 735 3384 805 3428; x_wconf 86' lang='lat' dir='ltr'><strong>mine</strong></span> <span class='ocrx_word' id='word_1_224' title='bbox 834 3383 931 3429; x_wconf 85' lang='lat' dir='ltr'><strong>amisso</strong></span> <span class='ocrx_word' id='word_1_225' title='bbox 957 3379 1054 3428; x_wconf 80' lang='lat' dir='ltr'><strong>Fabius</strong></span> <span class='ocrx_word' id='word_1_226' title='bbox 1073 3375 1197 3438; x_wconf 85' lang='lat' dir='ltr'><strong>petebat,</strong></span> <span class='ocrx_word' id='word_1_227' title='bbox 1227 3390 1241 3427; x_wconf 95' lang='lat' dir='ltr'><strong>a</strong></span> 
     </span>
     <span class='ocr_line' id='line_1_38' title="bbox 736 3465 1243 3530; baseline -0.004 -14"><span class='ocrx_word' id='word_1_228' title='bbox 736 3465 881 3524; x_wconf 81' lang='lat' dir='ltr'><strong>Cicerone.</strong></span> <span class='ocrx_word' id='word_1_229' title='bbox 903 3473 1088 3530; x_wconf 77' lang='lat' dir='ltr'><strong>praeterquam</strong></span> <span class='ocrx_word' id='word_1_230' title='bbox 1108 3469 1134 3515; x_wconf 91' lang='lat' dir='ltr'><strong>in</strong></span> <span class='ocrx_word' id='word_1_231' title='bbox 1155 3477 1243 3515; x_wconf 89' lang='lat' dir='ltr'><strong>narra-</strong></span> 
     </span>
     <span class='ocr_line' id='line_1_39' title="bbox 736 3554 1244 3619; baseline -0.008 -14"><span class='ocrx_word' id='word_1_232' title='bbox 736 3561 824 3614; x_wconf 85' lang='lat' dir='ltr'><strong>tione.</strong></span> <span class='ocrx_word' id='word_1_233' title='bbox 853 3560 880 3606; x_wconf 94' lang='lat' dir='ltr'><strong>in</strong></span> <span class='ocrx_word' id='word_1_234' title='bbox 907 3556 934 3606; x_wconf 87' lang='lat' dir='ltr'><strong>h.</strong></span> <span class='ocrx_word' id='word_1_235' title='bbox 962 3554 992 3619; x_wconf 66' lang='lat'><strong>§-</strong></span> <span class='ocrx_word' id='word_1_236' title='bbox 1012 3556 1057 3606; x_wconf 80' lang='lat' dir='ltr'><strong>st.</strong></span> <span class='ocrx_word' id='word_1_237' title='bbox 1078 3559 1192 3617; x_wconf 87' lang='lat' dir='ltr'><strong>primum</strong></span> <span class='ocrx_word' id='word_1_238' title='bbox 1209 3556 1244 3602; x_wconf 85' lang='lat' dir='ltr'><strong>sit</strong></span> 
     </span>
     <span class='ocr_line' id='line_1_40' title="bbox 736 3644 1243 3707; baseline -0.004 -15"><span class='ocrx_word' id='word_1_239' title='bbox 736 3647 879 3707; x_wconf 83' lang='lat' dir='ltr'><strong>pmimom.</strong></span> <span class='ocrx_word' id='word_1_240' title='bbox 895 3656 943 3694; x_wconf 88' lang='lat' dir='ltr'><strong>nec</strong></span> <span class='ocrx_word' id='word_1_241' title='bbox 957 3644 1032 3695; x_wconf 84' lang='lat' dir='ltr'><strong>iaeiie</strong></span> <span class='ocrx_word' id='word_1_242' title='bbox 1046 3648 1096 3694; x_wconf 87' lang='lat' dir='ltr'><strong>erit</strong></span> <span class='ocrx_word' id='word_1_243' title='bbox 1106 3647 1164 3695; x_wconf 84' lang='lat' dir='ltr'><strong>siue</strong></span> <span class='ocrx_word' id='word_1_244' title='bbox 1174 3646 1243 3691; x_wconf 88' lang='lat' dir='ltr'><strong>inter</strong></span> 
     </span>
     <span class='ocr_line' id='line_1_41' title="bbox 735 3731 1242 3797; baseline -0.004 -15"><span class='ocrx_word' id='word_1_245' title='bbox 735 3731 785 3797; x_wconf 55' lang='grc' dir='ltr'><strong>Μ.</strong></span> <span class='ocrx_word' id='word_1_246' title='bbox 800 3734 844 3782; x_wconf 82' lang='lat'><strong>52.</strong></span> <span class='ocrx_word' id='word_1_247' title='bbox 866 3741 892 3784; x_wconf 88' lang='lat' dir='ltr'><strong>ei</strong></span> <span class='ocrx_word' id='word_1_248' title='bbox 909 3732 952 3783; x_wconf 77' lang='lat'><strong>53.</strong></span> <span class='ocrx_word' id='word_1_249' title='bbox 973 3737 1032 3784; x_wconf 82' lang='lat' dir='ltr'><strong>siue</strong></span> <span class='ocrx_word' id='word_1_250' title='bbox 1052 3736 1077 3782; x_wconf 90' lang='lat' dir='ltr'><strong>in</strong></span> <span class='ocrx_word' id='word_1_251' title='bbox 1097 3733 1148 3782; x_wconf 87' lang='lat' dir='ltr'><strong>aiia</strong></span> <span class='ocrx_word' id='word_1_252' title='bbox 1168 3736 1242 3792; x_wconf 89' lang='lat' dir='ltr'><strong>parte</strong></span> 
     </span>
     <span class='ocr_line' id='line_1_42' title="bbox 734 3820 1242 3875; baseline -0.006 -5"><span class='ocrx_word' id='word_1_253' title='bbox 734 3822 942 3872; x_wconf 83' lang='lat' dir='ltr'><strong>confirmationis</strong></span> <span class='ocrx_word' id='word_1_254' title='bbox 958 3821 1043 3870; x_wconf 83' lang='lat' dir='ltr'><strong>iocum</strong></span> <span class='ocrx_word' id='word_1_255' title='bbox 1057 3820 1193 3875; x_wconf 85' lang='lat' dir='ltr'><strong>inuenire,</strong></span> <span class='ocrx_word' id='word_1_256' title='bbox 1214 3822 1242 3868; x_wconf 88' lang='lat' dir='ltr'><strong>in</strong></span> 
     </span>
     <span class='ocr_line' id='line_1_43' title="bbox 735 3907 1242 3972; baseline -0.004 -13"><span class='ocrx_word' id='word_1_257' title='bbox 735 3923 789 3972; x_wconf 86' lang='lat' dir='ltr'><strong>quo</strong></span> <span class='ocrx_word' id='word_1_258' title='bbox 818 3913 935 3961; x_wconf 81' lang='lat' dir='ltr'><strong>anterior</strong></span> <span class='ocrx_word' id='word_1_259' title='bbox 961 3909 1091 3971; x_wconf 76' lang='lat' dir='ltr'><strong>quasdem</strong></span> <span class='ocrx_word' id='word_1_260' title='bbox 1121 3907 1242 3957; x_wconf 83' lang='lat' dir='ltr'><strong>eiusdem</strong></span> 
     </span>
     <span class='ocr_line' id='line_1_44' title="bbox 736 3997 1205 4060; baseline -0.013 -12"><span class='ocrx_word' id='word_1_261' title='bbox 736 4002 774 4048; x_wconf 89' lang='lat' dir='ltr'><strong>rei</strong></span> <span class='ocrx_word' id='word_1_262' title='bbox 794 3999 949 4060; x_wconf 82' lang='lat' dir='ltr'><strong>disceptatio</strong></span> <span class='ocrx_word' id='word_1_263' title='bbox 968 4004 1030 4060; x_wconf 85' lang='lat' dir='ltr'><strong>apic</strong></span> <span class='ocrx_word' id='word_1_264' title='bbox 1054 3997 1205 4048; x_wconf 80' lang='lat' dir='ltr'><strong>collocetur.</strong></span> 
     </span>
     <span class='ocr_line' id='line_1_45' title="bbox 774 4084 1283 4166; baseline -0.008 -30"><span class='ocrx_word' id='word_1_265' title='bbox 774 4084 816 4144; x_wconf 84' lang='lat' dir='ltr'><strong>iti)</strong></span> <span class='ocrx_word' id='word_1_266' title='bbox 844 4087 869 4137; x_wconf 87' lang='lat' dir='ltr'><strong>d.</strong></span> <span class='ocrx_word' id='word_1_267' title='bbox 896 4084 925 4149; x_wconf 71' lang='lat' dir='ltr'><strong>ss.</strong></span> <span class='ocrx_word' id='word_1_268' title='bbox 945 4085 989 4137; x_wconf 75' lang='lat' dir='ltr'><strong>ct.</strong></span> <span class='ocrx_word' id='word_1_269' title='bbox 1019 4084 1152 4137; x_wconf 76' lang='lat' dir='ltr'><strong>«Ostendi</strong></span> <span class='ocrx_word' id='word_1_270' title='bbox 1177 4084 1241 4135; x_wconf 84' lang='lat' dir='ltr'><strong>iaisa</strong></span> <span class='ocrx_word' id='word_1_271' title='bbox 1278 4150 1283 4166; x_wconf 31' lang='lat' dir='ltr'>f</span> 
     </span>
     <span class='ocr_line' id='line_1_46' title="bbox 738 4187 1112 4228; baseline -0.013 -2"><span class='ocrx_word' id='word_1_272' title='bbox 738 4187 823 4228; x_wconf 68' lang='lat' dir='ltr'><strong>errem</strong></span> <span class='ocrx_word' id='word_1_273' title='bbox 1111 4207 1112 4210; x_wconf 66' lang='lat'><strong>,</strong></span> 
     </span>
    </p>
   </div>
   <div class='ocr_carea' id='block_1_9' title="bbox 0 0 1562 5046">
    <p class='ocr_par' dir='ltr' id='par_1_9' title="bbox 0 0 1562 5046">
     <span class='ocr_line' id='line_1_47' title="bbox 0 0 1562 5046; baseline 0 1"><span class='ocrx_word' id='word_1_274' title='bbox 0 0 1562 5046; x_wconf 95' lang='lat' dir='ltr'><strong> </strong></span> 
     </span>
    </p>
   </div>
  </div>
 </body>
</html>
