3114 5046
334 375 372 438 16
433 372 528 473 cap.
554 373 588 448 1.
639 370 810 489 Deiera
835 396 995 449 consone
1024 372 1289 462 Quinctonnne.

177 565 313 616 pse-lide-

166 623 193 662 n·
207 624 296 673 sponsio

394 562 578 630 Praeterea
590 561 788 629 admonendi
802 581 925 644 sumno,
939 560 1166 648 pnaeindiciali
1177 564 1394 649 sponsionum

332 687 448 776 generi
463 688 544 752 tunc
558 703 690 771 quoque
703 686 810 751 locum
824 682 946 768 insse,
967 683 1100 769 qnando
1115 684 1301 769 principale
1312 682 1394 750 iliud

333 809 395 895 ius,
408 805 451 872 de
464 825 529 892 quo
544 805 710 896 agendum
721 808 825 890 esset,
837 805 1019 885 sponsione
1027 805 1169 891 quidem,
1181 806 1236 872 cul
1251 804 1396 871 formula

332 927 653 1012 accommodaretur,
673 925 858 1016 indigeret,
879 944 987 1011 neque
1004 930 1115 992 tomen
1129 944 1243 992 eorum
1257 944 1395 992 numero

333 1053 435 1133 esset,
450 1051 485 1115 in
500 1048 629 1134 quibus,
644 1050 681 1112 ni
696 1048 850 1133 poenale
866 1047 995 1133 quicum
1009 1049 1123 1136 agitur
1136 1049 1397 1134 periclitaretur,

333 1173 549 1238 constitutum
571 1168 644 1234 init.
688 1168 779 1236 noce
801 1169 860 1235 tibi
881 1168 916 1233 tn
936 1187 1005 1234 rem
1025 1170 1170 1235 aetionis
1191 1169 1396 1254 exemplum,

334 1312 354 1357 c
378 1288 465 1360 Gali
486 1290 756 1356 institutionibus
776 1308 879 1375 supra
900 1287 1093 1362 allatum²¹).

199 1428 214 1460 a
249 1426 287 1490 [ο
399 1411 514 1497 Atque
543 1410 627 1478 haec
656 1409 827 1478 hactenus
882 1409 980 1478 Unde
1006 1412 1048 1477 ad
1071 1430 1224 1478 caussam
1246 1415 1398 1478 nostram

167 2028 243 2080 quien
250 2026 317 2067 noli·

167 2085 248 2126 inserui
254 2090 317 2138 putt-

335 1531 417 1598 illud
439 1530 571 1596 uidetur
591 1530 794 1614 redundare,
816 1551 911 1618 quam
932 1534 1144 1617 sponsionem
1163 1532 1206 1598 dc
1222 1536 1398 1618 proposita

335 1654 531 1740 quaestione
543 1652 717 1719 iioiairelln
727 1653 796 1718 ieri
807 1654 904 1719 iussit
914 1655 1185 1739 potuitquemore
1193 1658 1229 1718 et
1240 1655 1397 1739 exemplo

333 1775 468 1861 iubere,
489 1793 561 1840 eam
581 1793 650 1840 non
669 1773 851 1860 poesim
874 1772 936 1840 sed
959 1775 1246 1861 proeludletoteor
1274 1775 1399 1857 irrisse3

334 1895 635 1979 restipulationem
655 1896 759 1984 igitur
779 1896 901 1960 nnllam
923 1897 1119 1962 accessisse.

399 2016 451 2082 Ea
476 2035 557 2082 nero
584 2019 740 2101 sponsio,
768 2017 815 2079 nti
844 2017 887 2083 ab
914 2019 1008 2082 initio
1037 2017 1122 2095 dixi,
1152 2017 1277 2102 duplici
1298 2017 1399 2083 modo

166 2150 209 2184 “¹⁸
336 2139 463 2203 institui
485 2139 604 2223 potuit.
647 2136 805 2204 Nimirum
827 2139 1139 2223 nterstipnlatoris,
1159 2142 1236 2206 uter
1251 2141 1400 2224 promis-

336 2259 425 2326 soris
448 2260 564 2344 partes
584 2250 799 2343 susciperet?

398 2381 469 2445 lam
490 2378 574 2446 haec
595 2379 669 2464 ipsa
690 2383 840 2461 quaestio
864 2379 994 2446 uidetur
1008 2382 1146 2467 propria
1159 2399 1236 2448 esse
1259 2383 1401 2467 praein-

335 2500 466 2569 diciaiis
484 2499 624 2567 huiusce
645 2504 860 2586 sponsionum
881 2504 1029 2591 generis.

398 2621 483 2689 Nam
504 2622 656 2708 poenalis
675 2624 831 2708 sponsio,
852 2643 951 2709 quum
972 2622 1150 2690 coercendi
1171 2625 1245 2689 eins
1259 2642 1400 2709 caussa,

335 2745 465 2831 quicum
485 2746 619 2832 agitur,
639 2748 833 2828 comparatu
852 2746 915 2827 sit,
935 2763 1067 2829 semper
1087 2746 1135 2809 ita
1156 2747 1191 2810 in
1210 2748 1284 2810 iure
1298 2747 1402 2811 insil-

335 2870 449 2932 tnatur
470 2882 610 2930 necesse
631 2868 700 2945 est,
726 2871 780 2949 ut,
802 2867 856 2949 qui
878 2866 912 2928 in
935 2867 1109 2949 principali
1128 2884 1251 2932 caussa
1271 2869 1403 2933 actoris

334 2989 442 3054 locum
463 2986 632 3068 obtinent,
652 2983 758 3050 eidem
782 2984 997 3051 aduersarius
1018 2986 1192 3071 stipulanti
1216 2991 1402 3071 promittat.

398 3106 684 3173 Praeiudielalinm
710 3124 791 3170 ucro
811 3109 1026 3192 sponsionum
1050 3128 1146 3192 qnnm
1170 3107 1311 3173 totidem
1332 3112 1402 3175 sint

334 3247 476 3296 mamae
496 3247 539 3295 ae
561 3227 704 3314 figurae,
726 3230 805 3312 quot
829 3231 969 3311 possunt
990 3230 1024 3292 in
1039 3229 1110 3294 iure
1125 3227 1268 3295 dicendo
1284 3232 1401 3296 uariae

335 3352 550 3435 quaestiones
563 3354 665 3430 atque
679 3350 913 3414 contentiones
925 3349 1082 3429 incidere,
1093 3360 1127 3415 et
1140 3370 1237 3436 quum
1249 3353 1402 3435 plerum-

335 3471 597 3555 quelibenrmsit
606 3467 780 3535 Praetoris
788 3470 969 3549 arbitrium,
977 3471 1019 3536 de
1027 3471 1185 3536 eiusmodi
1194 3479 1403 3538 controuer-

335 3592 388 3656 sia
407 3593 480 3675 ipse
500 3591 582 3656 uelit
599 3608 805 3679 cognoscere
821 3594 921 3676 atque
935 3590 1134 3678 decernere,
1156 3611 1199 3657 an
1215 3597 1402 3679 sponsione

337 3711 406 3775 deri
431 3715 522 3777 iussa
550 3710 650 3778 iudici
678 3712 846 3800 negotium
868 3710 967 3791 dare,
994 3713 1157 3777 alterutra
1176 3717 1310 3779 ratione
1334 3735 1400 3780 non

336 3830 381 3898 ad
393 3835 614 3900 certamimis
628 3852 791 3913 normam,
812 3850 923 3897 uerum
940 3853 1000 3917 pro
1014 3837 1173 3924 grauiore
1186 3839 1246 3901 aut
1261 3837 1402 3917 leuiore,

372 4119 838 4183 el:-comu.1i'.§.ee.i’idosupu
895 4128 921 4171 el
940 4123 968 4170 iu
988 4122 1098 4171 terrem
1117 4121 1146 4178 Ι,
1166 4122 1210 4171 ie.

338 4206 835 4275 permutemuiamioidemdel.
