3114 5046
100 374 136 445 t·
150 361 189 434 ⁷·
209 356 452 460 Desmmionte
465 364 540 434 toci
552 370 588 433 et
609 360 685 433 Vl'.
702 359 1022 439 [tumescentem.
1051 363 1115 426 tit

110 555 244 640 Quibus
266 560 483 644 praemonitis
510 562 540 623 st
567 558 610 623 ad
639 559 908 648 cognoscendam
930 560 1028 626 huius
1049 561 1113 627 loct
1148 567 1229 667 m

52 680 341 765 mulctationem,
380 698 466 766 quae
496 680 528 744 in
560 675 739 747 Ciceronis
768 682 921 747 oratione
954 682 1115 769 liabetur,

51 800 270 886 accedamus,
291 802 424 865 nonnul
440 820 538 866 unam
553 806 784 891 argumentum
801 804 1004 890 inuenimus,
1026 800 1114 891 quod

53 918 175 989 Hamil
219 922 404 1008 tribuatur,
446 920 605 988 uidelicet
637 922 851 991 contendisse
888 942 978 1005 eum,
1020 926 1115 990 uerbi

54 1042 212 1111 lletleerc
241 1062 286 1111 ex
312 1044 449 1131 linguae
475 1043 618 1109 Latinae
648 1044 758 1110 indole
786 1049 821 1111 ct
850 1044 1006 1131 loquendi
1029 1064 1116 1112 con-

53 1164 230 1231 uetudine
250 1165 317 1230 uim
337 1168 373 1230 et
395 1167 545 1230 naturam
569 1184 645 1231 esse
668 1167 783 1250 talem,
814 1170 850 1231 ut
872 1167 901 1231 is
921 1166 1032 1247 solue,
1059 1168 1113 1253 qut

53 1304 92 1353 cx
120 1304 165 1353 eo
197 1287 292 1371 loco,
328 1290 361 1351 tn
396 1305 461 1372 quo
491 1287 628 1371 luisset,
661 1289 789 1353 eiectum
818 1291 928 1370 essct,
960 1288 1115 1355 detectus

54 1426 129 1475 uere
151 1407 219 1475 dici
241 1413 378 1493 poscet,
400 1411 455 1495 qul
479 1409 665 1494 prohibitus
686 1412 814 1474 tantum
837 1414 928 1475 esset
951 1429 1016 1495 quo
1038 1411 1114 1477 ucl-

54 1530 98 1595 let
117 1528 302 1617 accedere,
324 1530 415 1595 nullo
438 1530 535 1595 modo
556 1531 674 1614 possit.

112 1648 203 1733 Quid
233 1669 318 1739 ergo
346 1642 431 1717 esti
466 1651 553 1717 Ιιιιιιο
581 1651 686 1717 ueluti
713 1654 961 1739 grammaticam
990 1652 1116 1720 aduer-

56 1774 130 1839 aaril
152 1773 353 1857 positionem
381 1772 556 1855 facillime,
589 1772 768 1858 quinetiam
797 1773 968 1838 uerissime
992 1769 1116 1839 Gtcero

58 1892 96 1958 al
123 1891 306 1960 absurdum
339 1890 512 1978 perducit,
548 1897 649 1978 atquc
681 1912 700 1958 e
731 1912 852 1961 causeo
883 1893 1022 1979 expellit
1051 1895 1116 1959 isto

59 2034 113 2081 auc
127 2014 301 2099 exempto,
323 2011 411 2099 quod
433 2018 535 2080 antea
556 2015 793 2105 cognocimus,
815 2011 957 2081 Ρίιοιιιι
978 2015 1117 2082 domum

60 2154 153 2203 acam
173 2138 313 2203 titire-re
338 2132 507 2223 prohibiti
522 2130 573 2208 16)·
618 2129 768 2217 Quidni?
800 2132 839 2202 Si
862 2136 1034 2203 deiectum
1062 2135 1118 2201 (ll-

61 2274 129 2324 cere
143 2257 308 2323 neminem
322 2256 419 2339 ltcet,
440 2259 495 2343 qul
508 2255 704 2343 prohibit-uc
719 2260 780 2342 stt,
803 2258 981 2325 interdicto
996 2262 1118 2343 autem,

63 2380 116 2445 uu
147 2381 205 2465 qul
237 2396 318 2444 uere
350 2379 505 2445 detectus
535 2378 655 2464 tuerit,
692 2380 826 2445 uincere
855 2398 951 2445 nemo
986 2384 1118 2465 potest,

64 2518 165 2567 acone
187 2504 222 2565 ln
243 2502 359 2585 aprico
376 2504 445 2586 est,
467 2496 633 2565 Pisonem
640 2549 650 2587 ,
674 2501 823 2584 quamuis
846 2499 1011 2565 dominum
1034 2521 1118 2587 pos-

11 2698 14 2703 ,
63 2640 287 2707 aeaaorcmquc
321 2619 450 2686 aedium
479 2639 633 2705 suarum,
669 2620 847 2687 interdtcto
887 2625 998 2687 tomen
1036 2621 1117 2686 nihtl

63 2746 222 2831 acturum,
258 2744 288 2807 el
314 2746 346 2807 ul
380 2743 564 2808 hominibus
597 2745 734 2807 armatis
761 2738 958 2829 prolatitium
989 2747 1117 2807 tantum

63 2865 99 2930 itt
117 2854 275 2931 intraret
311 2861 409 2945 Quod
431 2882 529 2950 quum
553 2867 618 2928 tem
641 2863 889 2929 euidentissima
912 2864 1118 2948 exploratis-

62 2988 202 3073 elmaque
228 2987 311 3052 turta
338 2986 469 3050 ratione
501 3005 596 3070 quam
620 2986 750 3074 uulgari
772 2984 937 3049 hominum
960 2986 1118 3069 opinione

63 3106 173 3175 iolcum
196 3109 261 3194 ait,
292 3126 360 3172 non
390 3109 503 3192 potest
527 3107 638 3173 lucrcle
661 3125 774 3171 uerum
797 3124 890 3191 ease,
923 3104 1010 3191 quod
1035 3103 1119 3172 Pico

64 3228 162 3297 lectur
184 3228 333 3317 dixisse,
366 3236 466 3313 atque
498 3232 586 3293 inter
608 3233 759 3312 caetera,
791 3231 827 3292 ut
851 3227 988 3317 opinor,
1020 3230 1119 3295 etiam

64 3350 155 3436 lixit,
189 3352 355 3418 sermonis
384 3350 462 3439 lege
484 3354 518 3415 et
547 3349 808 3431 consuetudine,
841 3351 896 3435 qul
923 3348 1119 3435 prohibitus

66 3479 165 3559 emet,
187 3474 360 3540 detectum
382 3491 448 3537 non
472 3471 585 3536 uideri.

69 3761 558 3824 «uerum,idcequum‚ldutlteom-
617 3762 711 3810 «milla
738 3762 866 3810 deiecerit
890 3764 1032 3811 uniuerso:
1064 3776 1117 3812 non

68 3849 157 3901 «otim
175 3864 252 3913 eece,
272 3853 402 3913 spectari,
422 3862 476 3912 quo
497 3860 559 3899 con·
616 3864 629 3890 o
640 3861 694 3910 quo
707 3847 777 3897 idom
790 3851 824 3896 stt
840 3848 1035 3898 seruulocuouc
1047 3852 1119 3913 quod

67 3939 138 3990 ‘cillo
150 3946 243 4003 etqua
259 3940 409 3998 sententia,
431 3950 483 3988 uon
502 3938 559 4000 qui·
616 3935 761 3998 ·‹somtlio‚·
781 3948 875 3987 uerum
892 3937 954 3999 quta
974 3949 1044 3995 non,
1063 3942 1120 4003 qut·

66 4026 125 4078 «cu,
138 4027 352 4091 quinquenniis
365 4031 429 4078 eme
440 4032 558 4076 actm«
617 4038 630 4069 o
639 4024 685 4073 tus
694 4024 783 4073 uerita
792 4024 1028 4088 quidquedtcotur,
1038 4040 1120 4091 quae-

62 4126 82 4164 c.
94 4116 138 4165 Ἡ).
157 4129 180 4166 o.
201 4117 227 4165 il.
262 4115 352 4166 «Tam
376 4118 514 4174 restituae,
536 4116 558 4163 et
617 4116 720 4171 «titur,
741 4112 787 4163 sed
805 4125 876 4176 quac
895 4126 937 4163 ces
955 4123 1057 4178 agatur.
1069 4134 1082 4161 »

62 4218 149 4257 uuuus
177 4204 319 4261 seruulus.
355 4216 436 4269 quam
464 4205 485 4252 cl
520 4201 556 4253 lc·
651 4199 696 4263 it)
716 4198 745 4263 9.
766 4201 792 4251 5.
813 4214 839 4261 p.
861 4200 922 4251 377.

117 4323 248 4367 samm,
263 4320 307 4361 uu.
323 4320 346 4359 u.
887 4288 929 4349 27
