3114 5046
69 334 105 410 ς.
115 325 155 395 6.
174 318 237 396 110
245 320 340 396 Eat
357 317 1043 415 item-saiseauaeqaastioas.
1075 320 1132 381 ¹11

69 506 192 576 cundo‘
212 510 401 595 ubicunque
436 512 654 597 praeessent,
691 507 831 574 eundem
861 509 960 594 piane
987 512 1135 596 triptata
1170 512 1290 565 amnium

70 631 198 697 dierum
222 649 392 696 numerum
415 630 512 695 bonis
534 628 748 715 possidendis
769 631 938 696 constitui.

130 815 266 882 Deinde
299 815 343 881 ad
379 816 595 900 principalem
629 816 720 880 ilium
757 815 833 884 Gaii
864 816 971 881 locum
983 808 1020 894 ³⁰)
1053 818 1138 880 satis

70 941 134 1004 erit
155 936 450 1023 animaduertisse,
484 938 617 1001 nonnisi
638 955 699 1021 per
719 935 861 1003 iudicem
883 954 954 1001 eam
976 955 1045 1001 rem
1064 941 1138 1001 tra-

71 1061 174 1145 ctari,
204 1076 310 1144 eaque
332 1062 459 1142 mente,
487 1061 524 1121 ut
547 1060 602 1143 qui
624 1059 817 1124 accuratius
838 1058 920 1122 uelit
941 1057 1139 1122 satIsdatio-

71 1200 147 1245 uum
169 1181 301 1246 illarum
323 1198 464 1246 caussas
484 1196 712 1268 cognoscere,
734 1178 777 1244 ad
795 1177 969 1244 Praetoris
982 1178 1137 1244 Edictum

73 1304 272 1367 remittatur.

133 1420 224 1504 Quid
247 1413 359 1487 euim?
387 1423 416 1486 si
442 1416 573 1505 Gutus,
596 1440 693 1506 quum
716 1439 789 1487 eum
811 1421 1012 1507 nominaret,
1040 1426 1139 1487 cutus

75 1544 161 1609 ierac
186 1564 211 1608 u
236 1542 465 1608 creditenim
496 1562 657 1628 possessu
681 1548 924 1631 prosertptuue
950 1549 1051 1627 uruat,
1073 1543 1139 1607 duc

75 1663 155 1731 haec
177 1664 284 1729 uerba
306 1663 509 1730 addidisset:
531 1684 578 1730 ec
605 1664 753 1739 Iudicem
787 1664 868 1728 nihil
889 1664 979 1730 foret
1000 1683 1060 1730 cur
1082 1663 1139 1729 oi-

77 1785 296 1851 ienderemur.
340 1782 424 1866 Quis
445 1794 555 1851 autem
577 1786 640 1851 sibi
663 1784 894 1870 persuadebit,
916 1785 1049 1873 Gaium,
1073 1805 1138 1870 quo

77 1907 207 1972 diuersa
240 1909 486 1992 exprimeretur
518 1907 705 1993 sententia,
742 1906 823 1972 data
852 1925 956 1992 opera
989 1905 1054 1970 duo
1082 1907 1139 1970 iila

77 2030 176 2095 uerba
197 2020 378 2094 omisisset

132 2210 302 2300 Superest
325 2232 411 2279 unus
432 2214 489 2279 ilie
515 2212 791 2304 depectimus,
821 2213 863 2280 L.
884 2213 936 2315 33.
962 2201 1000 2281 5⁶.
1019 2212 1046 2277 1.
1084 2211 1139 2278 De

77 2336 140 2401 reb.
158 2341 296 2401 unctor.
315 2336 389 2402 tud.
407 2355 463 2422 pc.
477 2328 525 2413 ³¹).
1095 2416 1098 2423 r

134 2453 243 2537 Quem
266 2476 364 2541 quum
388 2460 489 2522 antea
518 2458 551 2522 iu
580 2454 811 2523 satisdatiuuis
839 2457 911 2520 iure
938 2453 1139 2539 exponendo

78 2572 321 2643 succerdas
352 2584 480 2642 tantum
509 2581 653 2643 aetatem
684 2578 876 2663 negauerim
905 2581 1023 2641 contra
1051 2576 1140 2640 uali-

79 2698 210 2763 dissima
240 2700 430 2762 testimonie
459 2693 638 2780 ualere³²]‚
675 2701 737 2763 iam
772 2717 813 2763 eo
846 2701 1042 2781 peruentum
1071 2699 1139 2777 est,

80 2823 110 2882 ut
141 2838 185 2885 ne
215 2821 293 2883 aeui
325 2819 454 2905 quidem
484 2821 580 2905 iuris,
615 2820 702 2905 quud
740 2817 882 2904 Ulpiani
907 2823 1026 2883 aetate
1049 2819 1140 2882 obti-

81 2942 200 3021 nuerit,
223 2940 319 3005 tidem
343 2941 417 3005 mihi
442 2941 555 3006 iaciat.

137 3059 225 3142 Quid
258 3054 393 3150 igitur?
431 3062 492 3127 Vel
526 3061 589 3128 tuuc
623 3064 697 3127 tucu
729 3062 832 3125 uerba
862 3066 942 3147 post
975 3059 1141 3125 botrorum

80 3187 328 3265 pussessionem
360 3182 499 3267 perinde
526 3184 727 3268 accipiemus
753 3201 794 3249 ac
821 3184 850 3247 si
873 3181 1040 3248 diceretur
1060 3186 1141 3267 poet

80 3304 210 3370 dierum
230 3309 380 3391 triptntu
402 3305 569 3371 bearorum
586 3295 866 3391 possessionem?

138 3422 237 3505 Quod
258 3445 357 3510 quum
380 3445 500 3510 perse
522 3426 653 3511 quidem
671 3426 771 3492 facile
787 3426 1008 3510 precesserit,
1030 3422 1142 3488 iateur

79 3549 188 3609 tamen
220 3548 328 3611 minus
357 3546 549 3631 expeditum
576 3566 668 3635 esse,
699 3550 839 3632 prepter
862 3544 941 3610 iilud
964 3542 1053 3630 quod
1075 3563 1141 3625 up-

77 3669 213 3751 pouitur
235 3672 424 3757 urrtepucm
450 3668 540 3735 bursa
570 3673 645 3735 etus
672 3669 949 3754 possiderentur:
986 3684 1060 3729 nam
1090 3663 1142 3727 tuis

110 3984 158 4039 302·
187 3983 292 4033 Corum.
324 3984 369 4032 Ν.
399 3980 428 4045 §-
456 3986 515 4035 102.
550 4011 578 4022 -
673 3982 717 4048 31)
738 3985 803 4034 Loci
827 3988 949 4034 tenorem
974 3983 1036 4032 uide
1059 3994 1141 4043 supra

75 4075 165 4122 Verba
199 4073 368 4121 exhibuimus
402 4074 504 4135 integra
538 4087 581 4122 su·
639 4087 665 4136 p.
685 4074 711 4123 5.
733 4079 788 4122 not·
808 4072 835 4122 d.

73 4176 123 4224 pra
145 4176 170 4222 p.
189 4162 215 4209 t.
673 4159 718 4223 32)
739 4162 804 4210 Vide
823 4174 902 4223 supra
923 4157 951 4220 §.
972 4160 996 4208 ³.
1019 4173 1044 4220 p.
1059 4160 1103 4206 ¹12.
