3112 5056
322 372 360 448 ς.
386 360 427 433 4.
483 358 651 436 bitorino
676 359 887 458 possederit
917 382 1044 432 neme.
1152 357 1215 423 353

154 559 320 625 sententia
341 558 581 641 existimantis,
602 557 643 622 de
666 560 850 642 praeterito
872 559 978 623 solum
1001 562 1151 643 tempore
1174 576 1215 624 ac
1234 566 1369 675 Am:

154 679 191 745 de
214 675 437 746 Caeserurioe
458 680 632 746 locotione
655 680 831 746 Caecinam
861 699 934 747 cum
964 680 1102 766 colona,
1136 680 1215 767 quid
1232 638 1384 779 2335*-

154 802 247 867 elteri
270 802 314 867 ab
335 802 444 866 altero
474 799 671 872 deberetur,
706 822 803 887 quum
832 804 971 887 primum
1000 803 1057 867 iila
1085 805 1216 867 mortua

154 926 259 1006 esset,
290 925 510 1012 transegisse.
553 920 650 1005 Quod
680 925 708 987 si
738 926 837 989 etiam
866 924 908 990 de
938 925 1051 990 futuro
1073 928 1212 991 contra-

154 1046 272 1129 rhoet,
294 1049 397 1131 atque
418 1047 467 1109 ita
488 1062 561 1111 eum
584 1045 705 1125 colono
728 1050 809 1112 tunc
831 1047 978 1133 egisset,
1001 1051 1038 1111 ut
1056 1045 1216 1132 deinceps

154 1169 216 1233 due
251 1184 317 1252 pro
348 1185 385 1231 se
420 1186 485 1230 uno
517 1169 590 1231 sine
622 1186 681 1251 pra
712 1165 893 1232 heredibus
926 1169 960 1231 in
989 1185 1161 1234 commune
1188 1169 1216 1232 is

154 1289 276 1356 :oleret
310 1287 583 1374 possideretque3
621 1289 776 1373 proiecto
810 1293 843 1354 et
873 1287 1016 1354 diuersis
1046 1291 1081 1353 et
1112 1289 1215 1378 longe

154 1410 300 1494 pluribus
321 1410 435 1475 uerbis
457 1428 529 1475 eam
547 1428 620 1475 rem
643 1415 758 1475 orator
780 1413 997 1494 expositurus
1018 1415 1104 1475 erat.

206 1565 435 1652 Caeteroquin
467 1571 626 1633 neminem
658 1569 779 1652 ingere
812 1568 931 1650 debet,
966 1571 1072 1653 ipsum
1096 1575 1215 1635 orato-

154 1709 211 1756 rem
236 1689 322 1754 nibil
342 1688 433 1754 uliud
456 1689 654 1772 ostendere,
677 1693 742 1755 nisi
763 1690 882 1776 paullo
897 1696 978 1778 post
994 1687 1214 1757 Caesenniae

154 1817 295 1878 nortem
324 1813 359 1876 in
382 1810 518 1875 tandum
543 1815 675 1876 uenisse
701 1807 910 1901 Caecinam,
944 1815 1161 1898 rationesque
1194 1833 1214 1876 a

154 1937 269 1999 cotona
284 1937 478 2018 accepisse3
500 1932 580 1997 iilud
605 1952 685 1997 uero
709 1951 817 2018 neque
839 1931 904 1998 hoc
927 1951 1035 2019 neque
1056 1935 1122 1997 aiio
1138 1933 1214 2000 loco

154 2075 300 2141 unquam
323 2059 520 2137 enunciare,
556 2075 620 2139 qno
645 2061 794 2139 tempore
816 2054 963 2120 Caecina
986 2053 1139 2120 deiectus
1159 2058 1215 2130 sit,

154 2196 210 2241 non
250 2175 350 2241 modo
387 2182 540 2242 tenuisse
573 2178 727 2242 colonum
769 2181 843 2243 cius
881 2181 1021 2241 nomine
1058 2175 1215 2255 fundum,

154 2318 261 2364 nerum
285 2300 385 2363 etism
409 2301 541 2362 omnino
564 2303 644 2363 tunc
665 2297 834 2382 tristitudo
855 2297 979 2382 suisne.
1030 2295 1095 2380 Qui
1118 2300 1214 2364 coio-

154 2440 208 2486 ous
237 2419 319 2504 qnid
348 2421 404 2483 iiio
433 2418 486 2484 die
509 2423 619 2507 egerit
643 2438 808 2503 passusne
831 2424 892 2503 sit,
927 2425 994 2484 tam
1016 2422 1050 2484 in
1071 2438 1214 2487 caussae

154 2544 344 2606 uenatione
375 2559 471 2626 quarn
501 2544 534 2604 in
563 2542 691 2624 reliqua
714 2542 867 2604 oratione
890 2558 932 2604 ne
955 2540 1059 2605 uerbo
1083 2540 1213 2625 quidem

154 2667 435 2729 commemoratur.
480 2662 658 2727 Enimuero
681 2680 720 2726 ea
744 2680 817 2745 res,
840 2663 971 2727 tametsi
988 2664 1021 2725 ln
1037 2664 1214 2728 coniectu-

154 2803 182 2849 ra
204 2787 320 2869 posita
341 2786 386 2849 sit
409 2789 497 2870 tota,
521 2788 631 2849 tamen
655 2783 747 2848 breui
771 2783 847 2848 mihi
870 2784 1072 2873 attingendo
1094 2788 1160 2850 est.

206 2906 281 2972 Fac
313 2907 432 2993 igitur,
470 2908 622 2971 colonum
655 2907 744 2969 ilium
781 2909 861 2972 tune
892 2907 924 2968 in
958 2905 1062 2970 inundo
1096 2907 1212 2972 fuisse·
1232 2918 1332 2960 valon-¹·

154 3025 233 3109 stuid
257 3019 435 3093 dicemus?
469 3027 620 3092 Eiectum
644 3028 686 3092 ab
708 3023 860 3092 Aebutio
883 3028 1011 3108 fuisse,
1043 3027 1212 3113 prohibito
1276 3063 1284 3076 ·

154 3146 306 3215 erctrm
335 3167 377 3214 ne
406 3141 577 3214 intraret?
619 3149 693 3214 Non
723 3148 843 3214 eredo:
880 3166 942 3214 cur
970 3151 1055 3214 enim
1090 3145 1212 3216 (dicero

154 3268 207 3338 boc
239 3262 432 3335 tacuisset?
469 3289 529 3334 our
550 3276 671 3335 testem
695 3290 766 3334 eum
789 3290 856 3334 non
880 3264 1126 3355 produxisset?
1162 3272 1211 3337 At

154 3395 230 3458 enim
253 3390 414 3457 heredum
448 3395 612 3458 communi
643 3394 791 3478 nomine,
828 3389 1022 3478 Caedicus,
1055 3391 1213 3460 butrioni

154 3513 280 3603 tiberii,
304 3509 449 3579 Aebutii
462 3506 520 3599 2ὅ),
542 3515 575 3577 in
600 3517 814 3598 possessione
837 3517 978 3581 colonus
995 3536 1092 3601 quum
1111 3518 1213 3600 esset,

154 3637 180 3699 tn
219 3654 262 3701 en
296 3637 511 3720 possessione
549 3637 756 3721 consilioque
791 3636 984 3721 possidendi
1024 3639 1213 3702 consistere

154 3774 216 3823 eum
245 3776 288 3822 ac
318 3755 439 3821 durare
471 3753 644 3823 Aebutius
675 3776 797 3842 passus
825 3761 886 3822 est.
936 3756 1026 3822 Nihil
1057 3757 1211 3842 proiecto

154 3880 271 3944 ninus:
306 3897 380 3943 num
409 3880 458 3944 sic
487 3897 530 3943 ne
560 3881 714 3945 deiectus
743 3877 873 3963 quidem
904 3873 1060 3943 Caecina
1093 3878 1212 3944 fuisset

183 4108 224 4175 25)
244 4110 313 4162 Vide
332 4123 356 4161 e.
377 4111 404 4161 o.
425 4117 490 4163 extr.

190 4219 311 4267 snum,
325 4219 369 4260 ua.
384 4219 408 4257 n.
984 4213 1024 4278 23
