3114 5046
340 372 401 435 178
445 369 540 472 Cap.
568 370 602 444 1.
656 368 716 445 De
742 373 827 445 inre
853 394 1013 447 consone
1041 368 1305 458 Quinctianae.

169 570 317 680 ‘wa'
337 562 611 649 possidendorum
634 564 765 628 ooussis
780 561 881 643 setis,
904 563 1039 646 opinor,
1066 564 1169 626 cutes
1194 559 1400 645 disputetum

190 697 220 724 ⁸⁸·
336 688 408 770 est,
444 703 485 751 oo
514 703 576 769 pro
607 700 770 750 concesso
805 684 1013 768 probatoque
1056 700 1226 747 assumere
1264 681 1402 767 licebit,

334 806 508 895 prioribus
530 805 641 870 tribus
662 823 705 870 ne
727 805 770 869 ob
791 802 986 870 aduersario
1009 802 1138 889 quidem
1160 805 1266 887 premi
1289 799 1402 883 Quin-

335 931 434 994 otium
444 920 497 1012 ¹⁵),
532 930 660 1015 quarta
686 928 795 991 outem
822 928 928 989 totum
949 924 1022 990 iere
1043 923 1196 990 iudicium
1218 925 1402 1010 contineri,

336 1048 494 1115 uidelicet
522 1051 560 1112 ut
581 1050 782 1132 quaeratur,
813 1050 909 1113 recte
930 1041 1107 1127 Quinctius
1127 1045 1254 1110 absens
1276 1045 1401 1112 deien-

336 1190 396 1236 sus
422 1169 524 1235 fuerit
552 1160 714 1246 necne¹⁶).
756 1165 831 1248 Qua
859 1166 902 1233 de
931 1186 970 1233 re
992 1166 1070 1252 quid
1092 1167 1208 1232 tulerit
1229 1168 1283 1232 ius
1305 1186 1401 1234 con-

335 1310 454 1376 mune‚
490 1289 568 1376 quid
596 1291 730 1375 petroni
760 1291 914 1378 egerint,
951 1287 1030 1373 quid
1061 1285 1162 1353 iudex
1194 1292 1292 1373 sequi
1327 1288 1401 1353 siue

336 1411 489 1476 debuerit
517 1413 591 1476 siue
620 1413 787 1496 potuerit,
821 1414 923 1477 snteu
952 1427 1048 1495 quom
1076 1410 1302 1476 curiosissime
1325 1413 1401 1475 tru-

336 1533 498 1599 otouimus
508 1525 554 1610 17).

398 1650 474 1734 Quo
505 1655 534 1718 si
565 1653 707 1719 animum
736 1653 913 1738 retuleris,
948 1651 1138 1738 expeditius
1170 1654 1263 1739 erit,
1299 1653 1400 1718 etium

336 1774 473 1842 secundi
496 1776 583 1862 ioci,
603 1774 647 1840 sd
669 1793 764 1860 quem
785 1776 849 1841 ism
864 1774 1104 1841 transeundum
1120 1778 1192 1861 est,
1213 1777 1280 1842 uim
1296 1778 1399 1860 utque

337 1897 489 1964 effectum
511 1896 722 1987 dignoscere.

267 2081 302 2109 u·
400 2051 572 2121 «Etenim
593 2059 625 2120 si
646 2072 693 2120 ex
707 2051 838 2120 Edicto
851 2054 1058 2140 possedistt3
1079 2072 1208 2143 prooem
1224 2073 1289 2119 cur
1309 2053 1399 2119 torm

401 2192 496 2240 «non
520 2179 713 2264 nescierint,
745 2193 808 2240 cnr
836 2179 969 2242 coeteri
995 2193 1180 2262 sperneres
1215 2180 1253 2239 et
1280 2176 1399 2240 eredi-

401 2300 517 2362 storec
537 2313 608 2360 econ
628 2301 884 2362 eormetcertntw

399 2417 494 2482 Haec
525 2417 748 2506 interroganti
777 2411 930 2494 bullion)
963 2416 1051 2482 beud
1082 2416 1253 2483 dubitabis
1279 2417 1398 2485 Naeuii

335 2539 466 2603 nomine
488 2538 520 2602 in
543 2537 631 2604 bune
651 2537 780 2603 modum
803 2537 1017 2622 respondere.

398 2690 557 2784 Constet,
578 2697 823 2781 possessionem
838 2695 1128 2782 uenditionemque
1144 2697 1307 2763 bonorum
1321 2717 1399 2764 oer-

334 2818 379 2882 tis
401 2817 594 2902 quibusdum
623 2815 785 2906 gradibus
813 2815 978 2901 tinitisque
1004 2821 1188 2902 temporum
1210 2821 1336 2905 sputiis
1357 2838 1398 2885 ex

335 2936 446 3004 Edisti
469 2939 575 3003 formu
596 2939 768 3004 celebrari.
824 2936 967 3002 Primum
990 2943 1064 3022 cst,
1099 2942 1136 3003 ut
1159 2938 1400 3024 possideantur

334 3060 423 3125 bone
444 3077 485 3124 ec
505 3059 775 3146 proscribentur,
797 3057 918 3124 deinde
935 3061 1145 3144 interpositis
1159 3061 1305 3149 triginta
1323 3060 1397 3126 dic-

335 3180 397 3244 bus
423 3181 534 3245 soient
566 3179 751 3247 creditores
779 3181 976 3265 conuocari,
997 3198 1059 3246 nec
1082 3182 1145 3244 uisi
1169 3184 1242 3264 puri
1268 3182 1394 3248 obbinc

334 3298 459 3365 dierum
481 3319 617 3366 numero
639 3302 755 3385 elapso
777 3300 926 3366 uenditio
948 3301 1101 3386 procedit
1109 3296 1157 3381 19).

399 3421 468 3485 lem
500 3440 542 3486 ex
572 3422 664 3488 fecto
692 3424 866 3507 conuenit,
901 3424 1005 3507 primo
1035 3424 1147 3488 stetim
1168 3423 1297 3513 mdo,
1334 3425 1398 3494 boc

334 3543 403 3624 est,
424 3560 521 3626 quum
543 3544 679 3626 primum
703 3543 790 3608 bonu
811 3543 1066 3628 possiderentur
1082 3562 1124 3611 oo
1138 3548 1399 3631 proscriberen-

334 3664 407 3743 tur,
435 3662 588 3748 introque
618 3662 690 3729 dies
711 3664 867 3750 triginta,
896 3683 966 3729 rem
994 3667 1028 3730 in
1057 3668 1313 3734 contentionem
1335 3688 1400 3734 ue-

367 3935 413 4001 15)
426 3939 493 3989 Vide
503 3937 620 4002 supress.
630 3941 657 3988 2.
669 3955 695 4004 p·
703 3941 747 3991 ee.
755 3955 831 4005 seqq.
924 3941 969 3997 18)
988 3956 1013 3992 c.
1032 3942 1077 3992 23.

368 4022 412 4088 16)
433 4026 469 4076 ib.
490 4042 516 4089 p.
535 4028 580 4077 48.
600 4040 675 4090 seqq.
924 4026 969 4092 19)
988 4031 1028 4080 Dc
1045 4044 1078 4081 co
1098 4031 1158 4082 iure
1177 4034 1242 4084 uide
1261 4048 1346 4100 supra
1371 4035 1401 4101 §-

368 4112 414 4175 17)
434 4115 470 4163 ib.
491 4128 517 4177 p·
536 4115 580 4165 te.
600 4129 678 4180 seqq.
696 4122 722 4166 et
740 4113 789 4178 δ),
804 4118 829 4166 7.
890 4117 915 4167 3.
936 4132 963 4181 p.
982 4118 1026 4169 eo.
1046 4131 1121 4182 seqq.

333 4214 359 4267 3,
380 4217 407 4266 p.
427 4202 488 4252 iit.
511 4215 587 4265 seqq.
