3114 5046
74 322 107 401 5.
123 312 162 387 ⁷.
188 311 252 386 Aa
273 312 339 402 θ’.
358 315 547 391 absentem
562 326 665 393 reete
682 317 893 416 Meminit
910 336 1036 389 necne.
1076 312 1137 376 ¹³¹1

71 502 238 569 Meiere
277 506 387 570 omnia
424 505 568 592 iaciant,
606 526 671 591 qua
707 506 850 592 denique
881 507 1017 570 seruata
1046 503 1136 568 nulla
1155 503 1305 616 offloffoss

70 627 234 693 sermonis
255 645 324 693 non
346 625 443 692 mutio
466 626 661 694 deformitas
686 627 747 694 sed
768 646 811 694 nc
833 628 1038 716 inelegantla
1060 628 1137 712 qui·
1155 622 1202 661 Μ

70 746 141 814 ileu
172 753 355 835 appareat:
391 750 536 835 pessima
564 766 648 816 sane
678 753 809 816 ratione
839 749 962 815 iactum
994 752 1065 834 est,
1099 751 1137 811 ut

70 868 265 955 posthabita
276 872 417 937 omnium
429 870 587 940 Codicum
602 875 803 938 auctoritate
819 873 1013 937 coniectura
1029 870 1136 935 textui

70 994 293 1084 insereretur,
313 995 428 1061 uerbis
448 993 580 1079 quidem
602 996 772 1079 primaque
795 992 882 1058 facie
904 993 1078 1077 speciosa,
1099 1010 1137 1056 re

71 1117 180 1179 cmm
200 1118 239 1181 ct
258 1115 403 1182 ueritate
424 1134 513 1181 uana
534 1118 621 1182 omni
643 1115 741 1181 modo
764 1119 866 1198 atque
890 1114 1062 1199 perplexa.

129 1268 264 1355 Quium
292 1275 483 1358 perspectis
507 1275 668 1359 reliquum
701 1276 770 1358 est,
806 1275 844 1337 ui
872 1271 914 1337 de
944 1272 1052 1337 altera
1079 1272 1136 1335 illa

75 1393 226 1458 iectionis
247 1395 430 1481 uarietate,
462 1414 560 1482 quum
587 1396 621 1460 in
650 1393 838 1461 exhibendo
860 1394 925 1461 ioci
949 1394 1056 1458 nostrl
1079 1395 1136 1457 te-

77 1533 150 1580 nore
170 1515 442 1605 minotaurum,
463 1515 687 1602 dispiciamus„

130 1674 205 1741 Nec
228 1674 334 1764 longa
355 1676 420 1741 erit
440 1692 482 1741 ea
503 1674 698 1761 disputatio.

132 1829 267 1918 Quippe
281 1833 458 1899 lectionem
472 1833 692 1900 eamdareut
710 1832 790 1899 nihii
805 1851 881 1899 esse
897 1835 959 1898 nisi
975 1832 1137 1917 mendum,

85 1951 156 2018 iuter
177 1972 295 2019 omncs
316 1952 451 2020 uidetur
471 1963 628 2022 constare
641 1949 688 2034 ⁵¹).

131 2107 336 2178 Coniectura
364 2116 474 2178 autem
501 2114 698 2182 satisdaree
726 2114 841 2180 eodem
866 2133 1005 2199 prorsus
1028 2116 1136 2198 pretio

10 2322 17 2345 .
85 2234 301 2299 aestimabitur
321 2238 422 2319 atquc
445 2236 553 2300 altera
583 2237 658 2321 ilia,
689 2238 741 2302 cui
772 2237 941 2302 corollarii
969 2235 1045 2301 loeo
1074 2254 1137 2302 ac-

83 2357 189 2420 cessit:
212 2356 439 2422 coniccturam
455 2355 530 2424 dico
544 2357 724 2444 talebore,
738 2357 864 2445 ualido,
880 2360 1016 2442 opinor,
1038 2356 1136 2422 modo

79 2478 247 2562 repulsam.

130 2631 229 2718 Quae
258 2640 458 2723 supersunt,
492 2636 649 2703 uidelicet
682 2638 875 2704 satisdaret
909 2642 943 2701 et
975 2637 1135 2702 eattado-

71 2762 184 2847 retur,
220 2759 288 2821 mm
317 2775 419 2822 sensu
449 2777 545 2842 quam
578 2759 695 2824 critica
728 2761 931 2824 auctoritate
962 2763 1135 2842 uirumque

67 2882 184 2957 potest
217 2879 422 2965 consistere3
452 2879 540 2965 quod
568 2881 597 2945 sl
626 2881 795 2966 optionem
824 2879 899 2944 mihi
927 2879 1136 2965 permiseris,

63 3000 190 3088 eligam
213 3001 416 3066 autumet.

53 3277 93 3314 e.
111 3269 157 3318 20.
177 3274 273 3319 nostro
297 3282 353 3319 nou
380 3269 572 3331 reprehendit:
631 3271 735 3321 Naeuio
765 3272 854 3334 potius
888 3278 970 3336 alque
1000 3272 1137 3323 Praetoris

53 3358 113 3407 uisi
136 3356 314 3420 reprehendit
337 3354 479 3419 (uidelicet
500 3359 529 3408 in
548 3372 574 3410 c.
631 3360 740 3410 decreto
758 3361 875 3411 stetisse.

49 3440 111 3495 21.
128 3455 158 3498 r!
185 3452 237 3495 «lu
260 3451 358 3497 contra
380 3447 506 3497 Burrieni
528 3449 576 3510 qui
666 3447 712 3513 51)
731 3448 824 3499 Audax
838 3450 977 3514 negotium
991 3449 1072 3499 luerit
1084 3455 1135 3499 tta·

52 3543 76 3572 Ι
88 3536 223 3583 iniurium
239 3534 445 3599 mamiato),
466 3549 519 3598 quo
537 3541 576 3587 ie·
632 3542 721 3598 tuero,
745 3537 874 3587 Alienum
899 3551 959 3587 oum
977 3538 1134 3597 antimaria,

53 3628 135 3672 noro
153 3621 255 3683 inerit,
287 3635 377 3686 quoue
399 3625 459 3674 iure
478 3625 576 3675 cousti-
632 3626 751 3689 denique
775 3639 863 3676 omnes
889 3628 934 3687 qui
958 3626 991 3676 ub
1010 3641 1041 3676 oo
1056 3632 1137 3688 porte

55 3710 145 3769 terii,
166 3711 276 3761 silentio
296 3713 438 3775 praeterit,
459 3725 511 3761 nec
530 3727 575 3763 cu·
632 3714 1136 3777 auaoominlelligi,oamqueptoralis

61 3805 112 3847 rat
139 3801 167 3849 in
194 3801 355 3850 memoriam
381 3814 521 3851 reuocare.
544 3827 572 3838 -
633 3804 736 3852 isaniori
749 3816 874 3851 caussam
887 3816 956 3853 esse.
975 3827 1002 3836 -
1020 3804 1065 3852 list
1078 3804 1135 3866 qui-

71 3882 145 3943 Quae
161 3889 254 3938 omnia
266 3894 427 3950 argumento
440 3896 519 3948 suni,
534 3890 575 3939 ius
632 3891 692 3940 dem
714 3893 741 3940 in
761 3871 883 3941 oratione
903 3893 1005 3940 menlio
1019 3893 1078 3940 eius
1091 3893 1136 3940 ud-

77 3976 271 4036 militationis,
293 3977 321 4027 iu
339 3978 496 4028 alterutram
517 3993 575 4042 par·
633 3981 801 4037 uacationis,
822 3985 848 4028 ai
866 3982 930 4029 salis
949 3993 964 4029 a
981 3986 1072 4030 nostro
1086 3980 1137 4029 hoc

89 4063 131 4110 iem
148 4064 216 4115 haud
239 4065 320 4115 dubie
342 4080 373 4116 ea
399 4081 508 4130 quoque
532 4080 574 4116 ae·
634 4069 693 4117 loeo
713 4075 823 4118 remotu-
845 4068 922 4119 Coui.
943 4082 966 4116 e.
987 4069 1013 4117 8.
1033 4068 1076 4116 Ὦ.

95 4149 132 4198 irie
149 4159 247 4202 cerluur
266 4155 404 4219 uulgoque
425 4162 534 4216 nolum,
560 4168 574 4204 a
