3114 5046
172 320 211 397 s.
228 309 269 383 8.
297 306 358 382 Δ’.
376 305 441 393 0⁸.
459 307 648 381 demuma
664 316 767 382 recte
783 307 993 405 defenderit
1009 332 1135 385 neme.
1176 312 1235 374 itii

172 502 250 586 tur,
272 494 335 562 sed
357 497 402 561 ab
419 515 459 562 eo
474 497 599 562 absens
613 498 806 583 sisteretur,
827 501 1018 586 accepisse,
1040 518 1141 584 porro
1163 519 1236 566 eun
1257 514 1390 611 Δτιὲτιιιιιι

172 637 324 703 quoque,
356 619 413 703 qui
442 620 568 683 inuitus
602 623 805 705 coactusque
838 620 959 706 uellet,
990 621 1080 687 aelle
1109 624 1238 708 tamen,
1257 587 1391 727 affin&

172 758 282 824 neque
304 738 465 804 eiusmodi
483 735 596 813 uim47)
619 759 755 825 passum
778 759 855 806 esse
868 740 1047 826 Naeuium,
1072 761 1137 828 qus
1151 741 1240 828 quod

171 863 281 926 iustae
304 860 511 927 defensionis
532 863 644 928 inesse
664 864 749 928 elias
770 866 908 947 putatur
924 862 1111 930 uadimonia
1127 866 1161 929 in
1175 865 1240 929 ab·

173 984 284 1048 sentis
307 1001 483 1067 personam
506 984 647 1067 collatu,
668 986 740 1050 iure
761 985 938 1052 tolleretur
959 986 1094 1068 penitus
1115 1003 1156 1052 ac
1177 1003 1241 1068 pe·
1272 1041 1273 1044 ,

172 1107 366 1170 rimeretur:
389 1102 532 1189 denique
554 1103 643 1170 haud
665 1106 749 1171 satis
771 1123 846 1171 esse
869 1103 912 1170 ad
933 1105 1130 1173 uincendum
1146 1106 1241 1173 Nae-

173 1228 256 1308 uio,
294 1226 383 1291 boue
420 1222 568 1306 Quinctii
603 1224 795 1310 possedisse
827 1230 885 1291 aut
917 1226 1016 1293 hodie
1048 1227 1241 1314 possidere,

171 1350 235 1412 nisi
258 1348 359 1411 etiam
392 1365 440 1412 ee
468 1345 599 1414 Edtcto
627 1350 728 1432 atque
752 1353 828 1413 ture
851 1347 1077 1434 possedisset,
1098 1348 1164 1415 hoc
1187 1353 1240 1414 est

172 1470 213 1534 ab
250 1487 295 1534 eo
331 1470 386 1554 qui
422 1471 517 1535 reete
548 1468 710 1535 defensus
742 1488 810 1533 non
850 1472 961 1555 esset,
999 1488 1063 1536 nec
1090 1470 1240 1555 referre,

172 1588 249 1675 quid
284 1588 327 1655 de
354 1591 412 1655 iila
438 1592 653 1675 possessione
681 1594 739 1656 aut
761 1589 988 1656 continuanda
1009 1594 1067 1657 aut
1090 1590 1238 1658 tollenda

173 1710 357 1777 Praetores
378 1712 546 1779 tribuniae
561 1712 670 1799 piebis
684 1713 887 1798 sensissent,
907 1710 969 1778 sed
983 1731 1048 1802 quo
1063 1716 1139 1777 iure
1154 1732 1238 1798 pos-

172 1851 301 1898 sessum
324 1837 434 1920 esset3
469 1831 535 1899 hoe
556 1852 638 1899 uero
661 1836 767 1898 totum
789 1834 973 1918 sponsione
995 1835 1160 1900 contineri
1183 1838 1237 1898 iu-

173 1952 305 2040 dicique
327 1953 485 2020 troditum
507 1957 541 2020 ei
563 1957 774 2041 permissum,
796 1955 924 2040 sibique
945 1972 1013 2019 uon
1035 1971 1078 2020 ex
1099 1957 1237 2041 praeiu-

173 2074 267 2143 diciis
289 2073 351 2142 sed
373 2093 417 2141 ex
449 2078 525 2160 ipsa
556 2078 605 2141 rei
632 2078 777 2142 ueritate
805 2075 1028 2162 quaerendum
1051 2080 1084 2143 et
1111 2075 1236 2142 diiudi-

172 2196 312 2263 candum
334 2214 423 2262 esse.

232 2318 286 2385 Ne
309 2318 423 2403 plura:
461 2336 501 2384 ea
524 2316 600 2383 mihi
628 2317 760 2383 uidetur
787 2319 850 2386 huc
877 2321 953 2386 ioco
977 2322 1064 2386 inter
1085 2322 1236 2409 singutas

172 2438 346 2506 Hortensii
378 2437 544 2525 Tulliique
567 2438 784 2506 detensiones
804 2443 891 2506 ratio
914 2442 1162 2528 intercessisse,
1199 2445 1234 2506 ut

172 2562 222 2628 iiic
245 2563 410 2627 communi
443 2562 672 2650 magistrique
694 2562 827 2651 uulgari
849 2565 1034 2648 strictoque
1056 2565 1127 2627 iure
1149 2580 1235 2628 cuu-

172 2685 327 2767 sisteret,
347 2682 404 2746 iiie
424 2683 595 2768 aequitate
619 2681 758 2768 quadam
781 2686 953 2770 uteretur,
976 2701 1057 2769 qua,
1079 2686 1107 2748 si
1130 2684 1234 2747 sciam

173 2823 242 2869 eam
275 2821 419 2870 caussae
451 2807 579 2887 partem
609 2808 800 2889 spectares,
837 2803 951 2868 durius
973 2808 1089 2889 posset
1111 2803 1234 2887 uideri,

173 2928 313 3010 propter
340 2923 561 2989 uadimonium
584 2928 792 2990 contractum
818 2927 981 2990 consueto
1004 2943 1094 2991 more
1116 2926 1233 2991 Alieni

174 3044 401 3112 ieiensioncm
423 3048 542 3111 iustam
565 3045 713 3111 iudicari.

233 3168 287 3233 Eo
315 3186 397 3232 uero
425 3168 606 3252 aequitatis
633 3168 720 3231 ratio
742 3185 786 3232 ou
808 3166 911 3256 digua
934 3169 1052 3251 tuerit,
1083 3187 1177 3253 quam
1200 3171 1232 3232 in

178 3288 382 3375 expediendo
400 3290 599 3378 grauissimo
614 3288 678 3355 hoe
693 3306 833 3354 caussae
851 3288 939 3353 nodo
955 3288 1054 3356 iudex
1073 3309 1234 3376 sequere-

180 3416 244 3492 tur,
264 3430 312 3477 au
332 3411 409 3476 aliis
431 3410 578 3475 fortasse
600 3427 742 3476 caussae
765 3411 915 3495 partibus
937 3413 1105 3477 contraria
1130 3430 1235 3497 quac-

181 3528 245 3596 tam
267 3532 440 3615 aequitas,
473 3549 537 3615 qua
560 3529 707 3611 Quinctii
729 3549 851 3597 caussa
873 3532 1080 3615 firmaretur,
1117 3534 1236 3597 tortior

213 3873 252 3936 tt)
271 3875 350 3925 Cous.
372 3875 400 3923 Ι..
421 3874 464 3923 21·
485 3872 513 3935 δ.
534 3876 559 3923 5.
599 3875 674 3936 Quod
733 3887 791 3924 cau.
814 3876 877 3923 mai.
907 3874 936 3922 t.
959 3873 1000 3923 1³.
1024 3873 1051 3924 C.
1092 3875 1233 3924 {tetrans-

191 3969 240 4011 uet.
259 3977 300 4013 cs.
329 3963 360 4012 1..
379 3963 424 4013 at.
452 3963 481 4011 t.
501 3964 545 4011 22.
583 3963 622 4011 De
641 3964 673 4012 R⁴
733 3964 899 4017 actionibus.
929 3969 955 4011 et
973 3969 1032 4012 coti¹
1057 3989 1085 3998 -
1116 3979 1138 4010 ι.
1161 3966 1233 4013 Savi-

195 4046 440 4113 i.-1..3.§.1‚
463 4052 586 4115 L.·1.pr.
608 4047 672 4111 §.t
733 4065 783 4114 guy
804 4051 870 4114 Syst.
895 4052 919 4100 d.
947 4052 1021 4101 heui.
1049 4053 1077 4100 ii.
1102 4053 1132 4101 li.
1155 4053 1230 4102 i'om.

196 4134 253 4194 uuor
271 4146 334 4189 mei.
362 4153 402 4188 ca.
430 4140 450 4188 L
480 4141 505 4189 3.
546 4140 580 4189 Er
600 4140 673 4203 quib.
734 4139 781 4188 iii.
803 4155 827 4202 p.
848 4141 891 4190 oa.
915 4154 988 4203 seqq.
