3114 5046
180 579 262 622 Tauria.

307 399 368 467 ιιι
497 377 591 480 Cup.
607 378 672 503 Ii·
711 376 771 453 De
793 379 986 454 uomodo
1012 379 1190 458 iectionis

306 556 461 648 apud¹⁵⁸i
483 544 729 645 reciperatores
748 557 861 623 dicere
875 551 930 630 ¹⁵⁹)
951 557 1081 644 liceret,
1104 530 1147 624 eu
1171 577 1239 622 nou
1261 556 1366 624 addito

176 638 220 680 hi.
232 638 267 678 i’i.
307 654 310 660 ’

240 2375 242 2380 ·
310 2359 396 2407 suasit
407 2355 432 2419 i)

307 682 409 748 nihilo
443 684 549 747 minus
577 684 687 747 tamen
716 681 764 744 ita
793 677 895 764 dicis,
929 679 1024 764 quusi
1047 677 1079 742 id
1108 680 1237 765 ipsum,
1269 699 1368 766 aquo

143 768 145 774 Ι
192 893 194 897 ¹
307 799 540 886 depulsus¹⁶⁰)
567 822 625 893 es,
654 792 873 887 impetraris?
906 799 955 865 At
978 801 1098 886 quibus
1119 800 1237 866 uerbis
1259 802 1293 865 iu
1315 801 1369 866 de·

307 923 475 992 cernendo
493 923 653 991 Metellus
667 942 748 988 usus
763 913 843 988 est?
865 917 989 1007 Ceteri,
1008 942 1093 1009 quos
1106 923 1294 1008 appellasti
1301 913 1370 994 “ui

308 1045 427 1112 Nonne
450 1044 534 1113 haec
556 1045 619 1111 fuit
641 1045 781 1110 osrnium
806 1045 932 1130 oratio,
953 1043 1041 1130 quud
1058 1046 1092 1108 ui
1109 1042 1303 1110 huminibus
1319 1061 1369 1108 ar·

310 1167 407 1232 maiis
427 1166 598 1232 eoactisue
621 1167 743 1233 samnitia
766 1166 888 1232 iecisse
910 1164 1096 1246 diceretur,
1119 1164 1154 1230 id
1178 1158 1370 1235 tametsi¹⁶¹i

308 1288 401 1353 mulio
424 1288 494 1352 iure
517 1287 586 1353 deri
610 1289 774 1373 potuerit,
797 1290 907 1353 tamen
929 1305 968 1352 se
989 1285 1072 1351 nihil
1094 1278 1309 1351 additurus?

370 1405 422 1472 ii).
446 1408 489 1473 isit
511 1414 619 1491 recte,
642 1409 912 1492 Reciperatores.
949 1402 1098 1480 Naum)
1121 1426 1199 1473 cum
1222 1408 1371 1496 perfugio

309 1530 400 1593 uuiio
428 1531 614 1595 constituto
644 1533 754 1594 tamen
785 1529 869 1596 haec
891 1531 1022 1598 scelera
1043 1532 1133 1594 serui
1156 1528 1373 1595 audacissime

309 1649 453 1735 iaciant,
476 1648 597 1715 domini
620 1650 901 1736 impudentissime
923 1649 1170 1731 confiteantur,
1193 1650 1276 1736 quid
1298 1668 1374 1717 ceu·

309 1773 392 1835 setis
413 1771 505 1858 iore,
526 1773 556 1837 si
579 1771 721 1839 Praetor
742 1773 888 1858 iudicet,
910 1769 1068 1837 eiusmodi
1092 1771 1220 1837 caedes
1234 1767 1291 1843 ιω)
1314 1770 1374 1835 fied

310 1894 381 1957 iure
403 1885 537 1978 posse?
574 1893 629 1960 Au
653 1896 825 1981 quicquam
848 1893 1006 1978 interest,
1028 1895 1136 1957 uirum
1162 1894 1375 1983 magistratus

310 2194 354 2232 tua
366 2180 473 2231 otderor
486 2177 547 2244 ma)
563 2180 633 2231 addo
642 2149 767 2232 Seruitus
777 2181 815 2232 ud

311 2269 374 2320 eso.
384 2268 419 2329 X,
432 2270 473 2320 io.
486 2267 530 2332 (er
541 2269 642 2320 ituatur
654 2270 713 2333 ouis
723 2275 748 2321 ts
754 2282 814 2332 par·

345 2444 407 2500 ¹58)
427 2445 511 2497 Cod.=
531 2454 605 2507 aaut.

347 2533 815 2599 159)Psoroousecodiee:dicaret.

346 2622 406 2678 ido)
416 2615 494 2675 item:
504 2625 637 2676 detrusus.
651 2622 817 2689 Tumiuaui·

311 2712 336 2760 io
347 2710 433 2775 aiiter)
452 2715 478 2762 iu
497 2717 583 2763 uotis:
607 2715 665 2764 »Eu
676 2722 762 2765 aerias
775 2714 816 2764 iit-

311 2807 380 2852 ieras
398 2815 537 2858 assessus,
558 2816 640 2864 quare
663 2805 711 2866 legi
737 2809 816 2855 attam

312 2896 399 2950 potest
411 2890 559 2952 desursum
575 2892 662 2954 dique
675 2895 710 2943 ita
722 2905 816 2942 secun·

311 2980 375 3027 darm
390 2979 511 3028 Baiarum
528 2987 691 3042 seripserunt
703 2981 817 3032 Oretiios

311 3075 338 3117 ei
347 3067 502 3126 dorcatius,
515 3067 576 3117 dum
586 3069 674 3118 dlus'us
683 3082 741 3119 curu
752 3070 817 3132 Pey-

310 3167 377 3204 rooo
396 3156 520 3204 detrusos
539 3163 724 3208 seruauerunt.
749 3158 815 3208 iiiiii

311 3256 418 3306 quoque
433 3244 497 3293 iliud
514 3247 611 3295 usituiu
622 3247 736 3297 sermoni
748 3249 817 3307 apii-

310 3345 358 3391 us,
376 3333 425 3383 hou
438 3338 587 3396 quaesitura
601 3338 684 3399 magis
697 3335 814 3386 uidetur,

311 3421 452 3471 Caeterum
473 3436 517 3474 ser
541 3424 642 3474 iliarum
670 3425 815 3476 litterarum

310 3521 395 3570 uaeue
408 3510 472 3559 uiuit
488 3515 621 3571 conspexi.

346 3596 408 3658 iiii)
436 3598 481 3647 Sic
509 3599 581 3650 uuiio
608 3600 688 3651 dubio
708 3600 813 3661 Codes,

310 3688 389 3738 etiam
410 3688 530 3751 Psyrorro
550 3694 668 3739 auctore.
704 3690 757 3752 Qui
778 3697 815 3741 ia-

310 3789 369 3827 meu
383 3777 416 3827 de
436 3779 591 3827 coniectura
615 3774 766 3839 (contestu,
786 3785 815 3828 ut

310 3864 437 3925 uacabat.
452 3863 553 3929 hiante)
567 3868 602 3917 iia
620 3871 747 3928 scriptum
759 3868 815 3918 edi·

310 3952 363 4002 dii:
383 3968 432 4002 o...
447 3967 510 4005 usus
524 3962 573 4015 est,
593 3958 731 4015 secutori,
749 3970 814 4018 uuus

308 4042 461 4103 suscitasti,
479 4044 682 4110 confirmarant.
702 4044 812 4096 Nouueo

309 4130 355 4180 rei.
377 4131 445 4182 Tura
461 4133 570 4183 listerus
591 4135 697 4184 reiectis
712 4133 813 4184 addita·

309 4221 405 4270 mentis
417 4222 455 4271 sie
468 4223 591 4282 scripsit:
613 4238 666 4274 ι...
679 4237 739 4275 usus
757 4229 811 4282 esi,

871 2184 966 2238 ceteri.
983 2194 1049 2245 quos
1063 2180 1217 2242 amortisari,
1230 2197 1267 2218 ·-
1278 2192 1373 2232 sorus·

871 2270 930 2330 rei..
941 2269 1117 2320 auaeoiuihou
1130 2276 1256 2321 staturus
1267 2282 1328 2321 cum
1336 2282 1374 2319 ue

801 2385 803 2389 ,
871 2361 926 2410 scio
936 2356 1132 2432 quaeiessauiia
1144 2365 1290 2422 grataque,
1303 2368 1374 2421 quam

872 2453 961 2507 uocat,
974 2446 1143 2511 uegiigeutia.
1169 2447 1300 2512 Eumque
1312 2445 1375 2497 Orsi·
1403 2465 1404 2469 ¹

872 2538 924 2588 tius
943 2545 1051 2587 saeuius
1072 2542 1122 2586 ssi.
1159 2535 1215 2586 Sed
1234 2533 1373 2585 Huscttiss

872 2639 924 2677 uua
938 2613 1117 2688 tarenogaudi
1131 2630 1196 2674 uois
1210 2624 1329 2674 adhibita
1339 2635 1374 2686 se·

871 2716 982 2765 mutuum
1005 2713 1139 2764 Ciceronis
1163 2725 1318 2764 sermonem
1341 2724 1373 2761 re

871 2805 966 2854 stituit.

906 2891 968 2945 162)
990 2889 1125 2953 Peyronus
1145 2904 1160 2940 e
1184 2888 1307 2941 Codice:
1333 2900 1372 2937 τι·

872 2992 963 3029 nausa.
982 2979 1076 3029 Notat:
1097 2977 1255 3029 »Librarius
1274 2980 1373 3039 seriora·

873 3075 913 3120 rat
931 3069 1057 3124 tumeam,
1083 3072 1137 3118 tum
1162 3068 1322 3119 emendauit
1341 3072 1372 3114 to-

872 3159 960 3217 mani,
989 3159 1024 3205 iia
1050 3162 1079 3205 ui
1105 3155 1194 3207 iitiera
1212 3170 1230 3206 r
1258 3157 1336 3207 istest
1352 3157 1372 3201 iu

873 3249 957 3297 iittera
974 3258 993 3294 ιι
1012 3244 1101 3307 pauiio
1119 3257 1222 3295 erasas
1243 3246 1327 3310 Magis
1343 3243 1372 3291 di

872 3342 969 3391 serim.
990 3334 1126 3383 librarium
1147 3337 1222 3395 prius
1244 3336 1372 3396 scripsisse

873 3435 1026 3482 τιιιιιιιι,
1037 3435 1096 3472 uam
1108 3422 1223 3472 duarum
1234 3422 1371 3473 iiitersrum

871 3517 986 3576 spurium
1014 3517 1041 3562 tu
1072 3513 1149 3560 itiura
1183 3525 1242 3563 esse
1269 3513 1370 3563 cursui·

872 3601 1016 3652 dummodo
1033 3613 1047 3650 e
1061 3603 1193 3660 superiori
1214 3614 1296 3652 uenu
1308 3598 1372 3650 adii·

872 3693 933 3742 beas
946 3690 1046 3740 litteras
1057 3701 1307 3750 disserueramus,
1318 3699 1371 3750 qus·

871 3793 928 3831 rum
943 3782 1060 3828 suterius
1073 3790 1087 3828 a
1100 3777 1167 3827 iuira
1183 3793 1213 3832 se
1224 3773 1371 3837 haberetis

871 3865 999 3928 temetsi),
1022 3881 1038 3917 o
1052 3874 1142 3919 auieru
1156 3881 1180 3918 s.

906 3954 967 4017 ree)
988 3955 1032 4005 Sia
1054 3955 1156 4011 Codex,
1182 3970 1236 4006 mou
1257 3966 1329 4009 uara:
1348 3955 1370 3998 ¹¹⁸

871 4048 949 4095 etism
984 4043 1121 4106 Peyromus
1155 4048 1181 4095 iu
1214 4041 1369 4107 corrigendis

872 4133 997 4195 prodidit.

906 4219 966 4285 idt)
987 4221 1052 4272 cod.
1075 4235 1186 4273 caseus.
