<?xml version="1.0" encoding="UTF-8"?>
<!DOCTYPE html PUBLIC "-//W3C//DTD XHTML 1.0 Transitional//EN"
    "http://www.w3.org/TR/xhtml1/DTD/xhtml1-transitional.dtd">
<html xmlns="http://www.w3.org/1999/xhtml" xml:lang="en" lang="en">
 <head>
  <title>
</title>
<meta http-equiv="Content-Type" content="text/html;charset=utf-8" />
  <meta name='ocr-system' content='tesseract 3.04.00' />
  <meta name='ocr-capabilities' content='ocr_page ocr_carea ocr_par ocr_line ocrx_word'/>
</head>
<body>
  <div class='ocr_page' id='page_1' title='image "./semestriumadmtu00kellgoog_0394.png"; bbox 0 0 3114 5046; ppageno 0'>
   <div class='ocr_carea' id='block_1_1' title="bbox 440 343 1407 448">
    <p class='ocr_par' dir='ltr' id='par_1_1' title="bbox 440 343 1407 448">
     <span class='ocr_line' id='line_1_1' title="bbox 440 343 1407 448; baseline -0.009 -22"><span class='ocrx_word' id='word_1_1' title='bbox 440 349 502 414; x_wconf 74' lang='lat'>85²</span> <span class='ocrx_word' id='word_1_2' title='bbox 540 346 636 448; x_wconf 78' lang='lat' dir='ltr'>Gap.</span> <span class='ocrx_word' id='word_1_3' title='bbox 660 350 697 424; x_wconf 91' lang='lat'>1.</span> <span class='ocrx_word' id='word_1_4' title='bbox 748 344 810 424; x_wconf 87' lang='lat' dir='ltr'>De</span> <span class='ocrx_word' id='word_1_5' title='bbox 834 351 919 423; x_wconf 83' lang='lat' dir='ltr'>iare</span> <span class='ocrx_word' id='word_1_6' title='bbox 945 369 1106 422; x_wconf 83' lang='lat' dir='ltr'>caasoae</span> <span class='ocrx_word' id='word_1_7' title='bbox 1133 343 1407 423; x_wconf 75' lang='lat' dir='ltr'>Caeciaianae.</span> 
     </span>
    </p>
   </div>
   <div class='ocr_carea' id='block_1_2' title="bbox 273 547 1508 882">
    <p class='ocr_par' dir='ltr' id='par_1_2' title="bbox 273 547 1508 882">
     <span class='ocr_line' id='line_1_2' title="bbox 273 547 1505 648; baseline -0.008 -29"><span class='ocrx_word' id='word_1_8' title='bbox 273 549 421 648; x_wconf 44' lang='lat'>2223:</span> <span class='ocrx_word' id='word_1_9' title='bbox 440 554 576 638; x_wconf 90' lang='lat' dir='ltr'>opinor,</span> <span class='ocrx_word' id='word_1_10' title='bbox 600 552 699 618; x_wconf 80' lang='lat' dir='ltr'>ieclle</span> <span class='ocrx_word' id='word_1_11' title='bbox 720 550 952 615; x_wconf 75' lang='lat' dir='ltr'>intellecturus</span> <span class='ocrx_word' id='word_1_12' title='bbox 976 552 1044 635; x_wconf 90' lang='lat' dir='ltr'>est,</span> <span class='ocrx_word' id='word_1_13' title='bbox 1072 549 1102 613; x_wconf 90' lang='lat' dir='ltr'>sl</span> <span class='ocrx_word' id='word_1_14' title='bbox 1123 547 1155 611; x_wconf 90' lang='lat' dir='ltr'>id</span> <span class='ocrx_word' id='word_1_15' title='bbox 1179 549 1289 612; x_wconf 78' lang='lat' dir='ltr'>animo</span> <span class='ocrx_word' id='word_1_16' title='bbox 1315 561 1505 630; x_wconf 65' lang='lat' dir='ltr'>praecepe-</span> 
     </span>
     <span class='ocr_line' id='line_1_3' title="bbox 273 665 1508 760; baseline -0.005 -21"><span class='ocrx_word' id='word_1_17' title='bbox 273 665 420 706; x_wconf 51' lang='grc' dir='ltr'>ΨΜ</span> <span class='ocrx_word' id='word_1_18' title='bbox 439 677 499 757; x_wconf 88' lang='lat' dir='ltr'>rit,</span> <span class='ocrx_word' id='word_1_19' title='bbox 522 674 769 760; x_wconf 88' lang='lat' dir='ltr'>possessionem</span> <span class='ocrx_word' id='word_1_20' title='bbox 792 669 906 736; x_wconf 91' lang='lat' dir='ltr'>heredi</span> <span class='ocrx_word' id='word_1_21' title='bbox 930 669 1069 755; x_wconf 83' lang='lat' dir='ltr'>perinde</span> <span class='ocrx_word' id='word_1_22' title='bbox 1095 687 1136 734; x_wconf 83' lang='lat' dir='ltr'>sc</span> <span class='ocrx_word' id='word_1_23' title='bbox 1159 688 1245 753; x_wconf 81' lang='lat' dir='ltr'>quoe</span> <span class='ocrx_word' id='word_1_24' title='bbox 1269 669 1353 733; x_wconf 90' lang='lat' dir='ltr'>iuris</span> <span class='ocrx_word' id='word_1_25' title='bbox 1380 678 1508 752; x_wconf 82' lang='lat' dir='ltr'>essent,</span> 
     </span>
     <span class='ocr_line' id='line_1_4' title="bbox 440 792 1264 882; baseline -0.011 -23"><span class='ocrx_word' id='word_1_26' title='bbox 440 798 514 882; x_wconf 81' lang='lat' dir='ltr'>ipso</span> <span class='ocrx_word' id='word_1_27' title='bbox 541 793 728 860; x_wconf 78' lang='lat' dir='ltr'>hereditate</span> <span class='ocrx_word' id='word_1_28' title='bbox 751 792 843 858; x_wconf 89' lang='lat' dir='ltr'>nullo</span> <span class='ocrx_word' id='word_1_29' title='bbox 864 811 926 857; x_wconf 90' lang='lat' dir='ltr'>suo</span> <span class='ocrx_word' id='word_1_30' title='bbox 950 792 1041 858; x_wconf 82' lang='lat' dir='ltr'>lecto</span> <span class='ocrx_word' id='word_1_31' title='bbox 1063 793 1264 858; x_wconf 76' lang='lat' dir='ltr'>secreuisse.</span> 
     </span>
    </p>
   </div>
   <div class='ocr_carea' id='block_1_3' title="bbox 311 946 1508 2367">
    <p class='ocr_par' dir='ltr' id='par_1_3' title="bbox 442 946 1508 2016">
     <span class='ocr_line' id='line_1_5' title="bbox 506 946 1508 1039; baseline -0.004 -19"><span class='ocrx_word' id='word_1_32' title='bbox 506 954 722 1038; x_wconf 75' lang='lat' dir='ltr'>Perspicuum</span> <span class='ocrx_word' id='word_1_33' title='bbox 741 953 853 1039; x_wconf 83' lang='lat' dir='ltr'>igitur</span> <span class='ocrx_word' id='word_1_34' title='bbox 876 955 945 1030; x_wconf 90' lang='lat' dir='ltr'>esi,</span> <span class='ocrx_word' id='word_1_35' title='bbox 975 949 1039 1016; x_wconf 91' lang='lat' dir='ltr'>hoc</span> <span class='ocrx_word' id='word_1_36' title='bbox 1060 947 1140 1014; x_wconf 90' lang='lat' dir='ltr'>nihil</span> <span class='ocrx_word' id='word_1_37' title='bbox 1169 968 1245 1016; x_wconf 85' lang='lat' dir='ltr'>esse</span> <span class='ocrx_word' id='word_1_38' title='bbox 1270 949 1360 1036; x_wconf 94' lang='lat' dir='ltr'>quod</span> <span class='ocrx_word' id='word_1_39' title='bbox 1384 946 1508 1018; x_wconf 75' lang='lat' dir='ltr'>Cicero</span> 
     </span>
     <span class='ocr_line' id='line_1_6' title="bbox 442 1067 1507 1162; baseline 0 -23"><span class='ocrx_word' id='word_1_40' title='bbox 442 1079 552 1142; x_wconf 79' lang='lat' dir='ltr'>tentet</span> <span class='ocrx_word' id='word_1_41' title='bbox 572 1075 702 1160; x_wconf 82' lang='lat' dir='ltr'>dicere,</span> <span class='ocrx_word' id='word_1_42' title='bbox 722 1081 867 1162; x_wconf 81' lang='lat' dir='ltr'>propter</span> <span class='ocrx_word' id='word_1_43' title='bbox 887 1067 1107 1138; x_wconf 68' lang='lat' dir='ltr'>cassandae</span> <span class='ocrx_word' id='word_1_44' title='bbox 1125 1070 1382 1157; x_wconf 74' lang='lat' dir='ltr'>saumsractam</span> <span class='ocrx_word' id='word_1_45' title='bbox 1409 1075 1507 1139; x_wconf 79' lang='lat' dir='ltr'>etium</span> 
     </span>
     <span class='ocr_line' id='line_1_7' title="bbox 443 1191 1508 1281; baseline -0.002 -18"><span class='ocrx_word' id='word_1_46' title='bbox 443 1191 640 1264; x_wconf 74' lang='lat' dir='ltr'>Caecinam</span> <span class='ocrx_word' id='word_1_47' title='bbox 660 1195 767 1261; x_wconf 91' lang='lat' dir='ltr'>uideri</span> <span class='ocrx_word' id='word_1_48' title='bbox 800 1194 1003 1280; x_wconf 88' lang='lat' dir='ltr'>possedisse.</span> <span class='ocrx_word' id='word_1_49' title='bbox 1061 1193 1177 1281; x_wconf 86' lang='lat' dir='ltr'>Neque</span> <span class='ocrx_word' id='word_1_50' title='bbox 1206 1193 1240 1259; x_wconf 91' lang='lat' dir='ltr'>id</span> <span class='ocrx_word' id='word_1_51' title='bbox 1262 1197 1432 1262; x_wconf 82' lang='lat' dir='ltr'>orolorem</span> <span class='ocrx_word' id='word_1_52' title='bbox 1452 1195 1508 1261; x_wconf 83' lang='lat' dir='ltr'>fe-</span> 
     </span>
     <span class='ocr_line' id='line_1_8' title="bbox 442 1317 1507 1406; baseline 0 -22"><span class='ocrx_word' id='word_1_53' title='bbox 442 1320 547 1405; x_wconf 85' lang='lat' dir='ltr'>fellit,</span> <span class='ocrx_word' id='word_1_54' title='bbox 583 1338 679 1406; x_wconf 91' lang='lat' dir='ltr'>quem</span> <span class='ocrx_word' id='word_1_55' title='bbox 719 1336 827 1404; x_wconf 89' lang='lat' dir='ltr'>neque</span> <span class='ocrx_word' id='word_1_56' title='bbox 858 1319 1037 1404; x_wconf 79' lang='lat' dir='ltr'>ignorasse</span> <span class='ocrx_word' id='word_1_57' title='bbox 1074 1335 1181 1403; x_wconf 88' lang='lat' dir='ltr'>neque</span> <span class='ocrx_word' id='word_1_58' title='bbox 1211 1318 1383 1402; x_wconf 85' lang='lat' dir='ltr'>spreuisse</span> <span class='ocrx_word' id='word_1_59' title='bbox 1420 1317 1507 1384; x_wconf 79' lang='lat' dir='ltr'>illem</span> 
     </span>
     <span class='ocr_line' id='line_1_9' title="bbox 442 1432 1508 1526; baseline 0 -22"><span class='ocrx_word' id='word_1_60' title='bbox 442 1443 523 1507; x_wconf 90' lang='lat' dir='ltr'>luris</span> <span class='ocrx_word' id='word_1_61' title='bbox 557 1442 846 1526; x_wconf 79' lang='lat' dir='ltr'>possessionisque</span> <span class='ocrx_word' id='word_1_62' title='bbox 887 1441 1050 1504; x_wconf 80' lang='lat' dir='ltr'>rationem</span> <span class='ocrx_word' id='word_1_63' title='bbox 1091 1441 1263 1504; x_wconf 88' lang='lat' dir='ltr'>uerissime</span> <span class='ocrx_word' id='word_1_64' title='bbox 1299 1432 1395 1504; x_wconf 76' lang='lat' dir='ltr'>Grae</span> <span class='ocrx_word' id='word_1_65' title='bbox 1433 1438 1508 1504; x_wconf 90' lang='lat' dir='ltr'>inde</span> 
     </span>
     <span class='ocr_line' id='line_1_10' title="bbox 442 1558 1508 1650; baseline -0.005 -20"><span class='ocrx_word' id='word_1_66' title='bbox 442 1564 622 1650; x_wconf 82' lang='lat' dir='ltr'>collegisse</span> <span class='ocrx_word' id='word_1_67' title='bbox 650 1562 783 1628; x_wconf 91' lang='lat' dir='ltr'>uidetur</span> <span class='ocrx_word' id='word_1_68' title='bbox 794 1558 856 1647; x_wconf 76' lang='lat'>²³),</span> <span class='ocrx_word' id='word_1_69' title='bbox 893 1561 982 1647; x_wconf 92' lang='lat' dir='ltr'>qnod</span> <span class='ocrx_word' id='word_1_70' title='bbox 1009 1562 1121 1626; x_wconf 79' lang='lat' dir='ltr'>stetim</span> <span class='ocrx_word' id='word_1_71' title='bbox 1147 1561 1203 1626; x_wconf 92' lang='lat' dir='ltr'>ille</span> <span class='ocrx_word' id='word_1_72' title='bbox 1231 1561 1274 1626; x_wconf 83' lang='lat' dir='ltr'>eb</span> <span class='ocrx_word' id='word_1_73' title='bbox 1303 1558 1369 1626; x_wconf 91' lang='lat' dir='ltr'>hoc</span> <span class='ocrx_word' id='word_1_74' title='bbox 1401 1578 1508 1648; x_wconf 71' lang='lat' dir='ltr'>trgu-</span> 
     </span>
     <span class='ocr_line' id='line_1_11' title="bbox 442 1681 1507 1771; baseline -0.002 -22"><span class='ocrx_word' id='word_1_75' title='bbox 442 1688 554 1749; x_wconf 91' lang='lat' dir='ltr'>mento</span> <span class='ocrx_word' id='word_1_76' title='bbox 586 1682 629 1749; x_wconf 81' lang='lat' dir='ltr'>sd</span> <span class='ocrx_word' id='word_1_77' title='bbox 663 1684 877 1771; x_wconf 74' lang='lat' dir='ltr'>corporalem</span> <span class='ocrx_word' id='word_1_78' title='bbox 916 1685 1141 1768; x_wconf 86' lang='lat' dir='ltr'>possessionis</span> <span class='ocrx_word' id='word_1_79' title='bbox 1183 1681 1507 1766; x_wconf 78' lang='lat' dir='ltr'>apprehensionem,</span> 
     </span>
     <span class='ocr_line' id='line_1_12' title="bbox 443 1802 1506 1893; baseline -0.006 -21"><span class='ocrx_word' id='word_1_80' title='bbox 443 1825 538 1893; x_wconf 86' lang='lat' dir='ltr'>quum</span> <span class='ocrx_word' id='word_1_81' title='bbox 561 1807 700 1891; x_wconf 77' lang='lat' dir='ltr'>abipso</span> <span class='ocrx_word' id='word_1_82' title='bbox 725 1802 881 1872; x_wconf 74' lang='lat' dir='ltr'>Caecilia</span> <span class='ocrx_word' id='word_1_83' title='bbox 908 1806 1030 1873; x_wconf 80' lang='lat' dir='ltr'>lactem</span> <span class='ocrx_word' id='word_1_84' title='bbox 1060 1822 1136 1870; x_wconf 87' lang='lat' dir='ltr'>esse</span> <span class='ocrx_word' id='word_1_85' title='bbox 1168 1802 1270 1885; x_wconf 88' lang='lat' dir='ltr'>dicit,</span> <span class='ocrx_word' id='word_1_86' title='bbox 1305 1807 1506 1869; x_wconf 75' lang='lat' dir='ltr'>transiisset.</span> 
     </span>
     <span class='ocr_line' id='line_1_13' title="bbox 443 1926 1097 2016; baseline -0.005 -23"><span class='ocrx_word' id='word_1_87' title='bbox 443 1926 575 2013; x_wconf 76' lang='lat' dir='ltr'>Quippe</span> <span class='ocrx_word' id='word_1_88' title='bbox 597 1931 647 1994; x_wconf 89' lang='lat' dir='ltr'>sic</span> <span class='ocrx_word' id='word_1_89' title='bbox 672 1927 808 1993; x_wconf 68' lang='lat' dir='ltr'>haltra</span> <span class='ocrx_word' id='word_1_90' title='bbox 830 1931 942 2016; x_wconf 83' lang='lat' dir='ltr'>pergit</span> <span class='ocrx_word' id='word_1_91' title='bbox 965 1926 1097 1994; x_wconf 84' lang='lat' dir='ltr'>dicere:</span> 
     </span>
    </p>

    <p class='ocr_par' dir='ltr' id='par_1_4' title="bbox 311 2046 1507 2367">
     <span class='ocr_line' id='line_1_14' title="bbox 311 2046 1507 2152; baseline -0.003 -36"><span class='ocrx_word' id='word_1_92' title='bbox 311 2057 424 2152; x_wconf 43' lang='lat'>2¹:3⁵⁸·</span> <span class='ocrx_word' id='word_1_93' title='bbox 509 2050 664 2116; x_wconf 78' lang='lat' dir='ltr'>«lleinde</span> <span class='ocrx_word' id='word_1_94' title='bbox 686 2053 759 2134; x_wconf 90' lang='lat' dir='ltr'>ipse</span> <span class='ocrx_word' id='word_1_95' title='bbox 781 2048 944 2131; x_wconf 75' lang='lat' dir='ltr'>Caecina,</span> <span class='ocrx_word' id='word_1_96' title='bbox 967 2068 1063 2134; x_wconf 89' lang='lat' dir='ltr'>qnum</span> <span class='ocrx_word' id='word_1_97' title='bbox 1086 2050 1242 2114; x_wconf 86' lang='lat' dir='ltr'>circuiret</span> <span class='ocrx_word' id='word_1_98' title='bbox 1265 2046 1424 2136; x_wconf 75' lang='lat' dir='ltr'>praedia,</span> <span class='ocrx_word' id='word_1_99' title='bbox 1447 2067 1507 2112; x_wconf 87' lang='lat' dir='ltr'>ue·</span> 
     </span>
     <span class='ocr_line' id='line_1_15' title="bbox 388 2169 1506 2256; baseline -0.004 -20"><span class='ocrx_word' id='word_1_100' title='bbox 388 2183 424 2210; x_wconf 53' lang='grc' dir='ltr'>θ’</span> <span class='ocrx_word' id='word_1_101' title='bbox 509 2174 583 2236; x_wconf 75' lang='lat' dir='ltr'>«nit</span> <span class='ocrx_word' id='word_1_102' title='bbox 616 2174 649 2236; x_wconf 94' lang='lat' dir='ltr'>in</span> <span class='ocrx_word' id='word_1_103' title='bbox 681 2173 777 2235; x_wconf 90' lang='lat' dir='ltr'>istum</span> <span class='ocrx_word' id='word_1_104' title='bbox 806 2169 964 2256; x_wconf 82' lang='lat' dir='ltr'>fundum3</span> <span class='ocrx_word' id='word_1_105' title='bbox 996 2172 1145 2235; x_wconf 80' lang='lat' dir='ltr'>rationes</span> <span class='ocrx_word' id='word_1_106' title='bbox 1172 2188 1193 2234; x_wconf 79' lang='lat' dir='ltr'>u</span> <span class='ocrx_word' id='word_1_107' title='bbox 1220 2170 1343 2236; x_wconf 93' lang='lat' dir='ltr'>colono</span> <span class='ocrx_word' id='word_1_108' title='bbox 1364 2173 1506 2256; x_wconf 78' lang='lat' dir='ltr'>accepit.</span> 
     </span>
     <span class='ocr_line' id='line_1_16' title="bbox 507 2286 1164 2367; baseline 0.002 -14"><span class='ocrx_word' id='word_1_109' title='bbox 507 2288 621 2358; x_wconf 79' lang='lat' dir='ltr'>«Sunt</span> <span class='ocrx_word' id='word_1_110' title='bbox 643 2293 675 2355; x_wconf 93' lang='lat' dir='ltr'>ln</span> <span class='ocrx_word' id='word_1_111' title='bbox 700 2310 771 2356; x_wconf 84' lang='lat' dir='ltr'>eum</span> <span class='ocrx_word' id='word_1_112' title='bbox 794 2311 862 2356; x_wconf 89' lang='lat' dir='ltr'>rem</span> <span class='ocrx_word' id='word_1_113' title='bbox 886 2294 1098 2357; x_wconf 74' lang='lat' dir='ltr'>testimonis&#39;</span> <span class='ocrx_word' id='word_1_114' title='bbox 1115 2286 1164 2367; x_wconf 76' lang='lat'><strong>²⁴).</strong></span> 
     </span>
    </p>
   </div>
   <div class='ocr_carea' id='block_1_4' title="bbox 441 2445 1505 2903">
    <p class='ocr_par' dir='ltr' id='par_1_5' title="bbox 441 2445 1505 2903">
     <span class='ocr_line' id='line_1_17' title="bbox 503 2445 1505 2537; baseline -0.004 -19"><span class='ocrx_word' id='word_1_115' title='bbox 503 2453 545 2518; x_wconf 90' lang='lat' dir='ltr'>ln</span> <span class='ocrx_word' id='word_1_116' title='bbox 575 2470 615 2516; x_wconf 88' lang='lat' dir='ltr'>eo</span> <span class='ocrx_word' id='word_1_117' title='bbox 645 2470 726 2516; x_wconf 90' lang='lat' dir='ltr'>uero</span> <span class='ocrx_word' id='word_1_118' title='bbox 756 2453 852 2516; x_wconf 86' lang='lat' dir='ltr'>nimis</span> <span class='ocrx_word' id='word_1_119' title='bbox 879 2450 1054 2536; x_wconf 85' lang='lat' dir='ltr'>credulus,</span> <span class='ocrx_word' id='word_1_120' title='bbox 1086 2457 1123 2516; x_wconf 87' lang='lat' dir='ltr'>ut</span> <span class='ocrx_word' id='word_1_121' title='bbox 1146 2452 1281 2537; x_wconf 91' lang='lat' dir='ltr'>opinor,</span> <span class='ocrx_word' id='word_1_122' title='bbox 1321 2445 1415 2518; x_wconf 69' lang='lat' dir='ltr'>Orac</span> <span class='ocrx_word' id='word_1_123' title='bbox 1437 2453 1505 2534; x_wconf 84' lang='lat' dir='ltr'>init,</span> 
     </span>
     <span class='ocr_line' id='line_1_18' title="bbox 441 2571 1504 2660; baseline 0.002 -23"><span class='ocrx_word' id='word_1_124' title='bbox 441 2574 529 2660; x_wconf 91' lang='lat' dir='ltr'>quod</span> <span class='ocrx_word' id='word_1_125' title='bbox 560 2591 673 2638; x_wconf 82' lang='lat' dir='ltr'>ueram</span> <span class='ocrx_word' id='word_1_126' title='bbox 703 2571 808 2657; x_wconf 73' lang='lat' dir='ltr'>soordi</span> <span class='ocrx_word' id='word_1_127' title='bbox 841 2572 1155 2660; x_wconf 67' lang='lat' dir='ltr'>apprehensionem</span> <span class='ocrx_word' id='word_1_128' title='bbox 1186 2573 1279 2641; x_wconf 86' lang='lat' dir='ltr'>hisce</span> <span class='ocrx_word' id='word_1_129' title='bbox 1316 2576 1432 2641; x_wconf 89' lang='lat' dir='ltr'>uerbis</span> <span class='ocrx_word' id='word_1_130' title='bbox 1466 2575 1504 2640; x_wconf 78' lang='lat' dir='ltr'>ub</span> 
     </span>
     <span class='ocr_line' id='line_1_19' title="bbox 443 2696 1503 2781; baseline 0 -22"><span class='ocrx_word' id='word_1_131' title='bbox 443 2700 579 2760; x_wconf 82' lang='lat' dir='ltr'>oratore</span> <span class='ocrx_word' id='word_1_132' title='bbox 601 2697 828 2779; x_wconf 82' lang='lat' dir='ltr'>errunciotem,</span> <span class='ocrx_word' id='word_1_133' title='bbox 860 2698 1038 2781; x_wconf 75' lang='lat' dir='ltr'>quinetiam</span> <span class='ocrx_word' id='word_1_134' title='bbox 1061 2696 1204 2761; x_wconf 87' lang='lat' dir='ltr'>testibus</span> <span class='ocrx_word' id='word_1_135' title='bbox 1228 2696 1360 2780; x_wconf 76' lang='lat' dir='ltr'>plenam</span> <span class='ocrx_word' id='word_1_136' title='bbox 1385 2697 1503 2763; x_wconf 78' lang='lat' dir='ltr'>iselam</span> 
     </span>
     <span class='ocr_line' id='line_1_20' title="bbox 441 2815 1503 2903; baseline -0.002 -20"><span class='ocrx_word' id='word_1_137' title='bbox 441 2836 517 2883; x_wconf 88' lang='lat' dir='ltr'>esse</span> <span class='ocrx_word' id='word_1_138' title='bbox 546 2819 609 2884; x_wconf 91' lang='lat' dir='ltr'>sibi</span> <span class='ocrx_word' id='word_1_139' title='bbox 643 2819 824 2903; x_wconf 75' lang='lat' dir='ltr'>persuasit3</span> <span class='ocrx_word' id='word_1_140' title='bbox 858 2837 900 2884; x_wconf 85' lang='lat' dir='ltr'>ac</span> <span class='ocrx_word' id='word_1_141' title='bbox 928 2819 1028 2882; x_wconf 89' lang='lat' dir='ltr'>multo</span> <span class='ocrx_word' id='word_1_142' title='bbox 1052 2819 1161 2900; x_wconf 90' lang='lat' dir='ltr'>potior</span> <span class='ocrx_word' id='word_1_143' title='bbox 1182 2817 1259 2882; x_wconf 90' lang='lat' dir='ltr'>mihl</span> <span class='ocrx_word' id='word_1_144' title='bbox 1282 2825 1336 2883; x_wconf 85' lang='lat' dir='ltr'>esi</span> <span class='ocrx_word' id='word_1_145' title='bbox 1360 2815 1503 2885; x_wconf 77' lang='lat' dir='ltr'>Saubtli</span> 
     </span>
    </p>
   </div>
   <div class='ocr_carea' id='block_1_5' title="bbox 440 3142 1501 4268">
    <p class='ocr_par' dir='ltr' id='par_1_6' title="bbox 440 3142 1501 3913">
     <span class='ocr_line' id='line_1_21' title="bbox 443 3142 1500 3208; baseline 0.002 -16"><span class='ocrx_word' id='word_1_146' title='bbox 443 3144 630 3193; x_wconf 73' lang='lat' dir='ltr'>«necessarius</span> <span class='ocrx_word' id='word_1_147' title='bbox 671 3143 743 3192; x_wconf 77' lang='lat' dir='ltr'>hera</span> <span class='ocrx_word' id='word_1_148' title='bbox 774 3149 856 3193; x_wconf 77' lang='lat' dir='ltr'>metu</span> <span class='ocrx_word' id='word_1_149' title='bbox 895 3142 942 3192; x_wconf 90' lang='lat' dir='ltr'>rel.</span> <span class='ocrx_word' id='word_1_150' title='bbox 1002 3143 1196 3193; x_wconf 75' lang='lat' dir='ltr'>«hereditatem</span> <span class='ocrx_word' id='word_1_151' title='bbox 1209 3149 1434 3207; x_wconf 77' lang='lat' dir='ltr'>negeniusucnpi</span> <span class='ocrx_word' id='word_1_152' title='bbox 1448 3157 1500 3208; x_wconf 84' lang='lat' dir='ltr'>pos·</span> 
     </span>
     <span class='ocr_line' id='line_1_22' title="bbox 441 3228 1501 3296; baseline -0.002 -16"><span class='ocrx_word' id='word_1_153' title='bbox 441 3228 586 3294; x_wconf 77' lang='lat' dir='ltr'>(Adllcltur</span> <span class='ocrx_word' id='word_1_154' title='bbox 605 3233 814 3282; x_wconf 75' lang='lat' dir='ltr'>«necessarius»</span> <span class='ocrx_word' id='word_1_155' title='bbox 834 3236 945 3294; x_wconf 84' lang='lat' dir='ltr'>propter</span> <span class='ocrx_word' id='word_1_156' title='bbox 1001 3244 1070 3290; x_wconf 82' lang='lat' dir='ltr'>nse,</span> <span class='ocrx_word' id='word_1_157' title='bbox 1089 3232 1136 3282; x_wconf 88' lang='lat' dir='ltr'>sed</span> <span class='ocrx_word' id='word_1_158' title='bbox 1155 3245 1203 3291; x_wconf 81' lang='lat' dir='ltr'>ee,</span> <span class='ocrx_word' id='word_1_159' title='bbox 1221 3246 1290 3296; x_wconf 78' lang='lat' dir='ltr'>qaue</span> <span class='ocrx_word' id='word_1_160' title='bbox 1311 3234 1343 3280; x_wconf 83' lang='lat' dir='ltr'>in</span> <span class='ocrx_word' id='word_1_161' title='bbox 1362 3235 1501 3285; x_wconf 64' lang='lat' dir='ltr'>meditate</span> 
     </span>
     <span class='ocr_line' id='line_1_23' title="bbox 442 3318 1499 3384; baseline -0.001 -16"><span class='ocrx_word' id='word_1_162' title='bbox 442 3319 525 3378; x_wconf 92' lang='lat' dir='ltr'>illud,</span> <span class='ocrx_word' id='word_1_163' title='bbox 555 3318 626 3380; x_wconf 87' lang='lat' dir='ltr'>quod</span> <span class='ocrx_word' id='word_1_164' title='bbox 650 3318 808 3369; x_wconf 76' lang='lat' dir='ltr'>Hadrianus</span> <span class='ocrx_word' id='word_1_165' title='bbox 826 3333 944 3371; x_wconf 78' lang='lat' dir='ltr'>uoueue·</span> <span class='ocrx_word' id='word_1_166' title='bbox 1001 3325 1099 3370; x_wconf 77' lang='lat' dir='ltr'>urant:</span> <span class='ocrx_word' id='word_1_167' title='bbox 1118 3327 1253 3383; x_wconf 68' lang='lat' dir='ltr'>umquem</span> <span class='ocrx_word' id='word_1_168' title='bbox 1266 3322 1421 3384; x_wconf 80' lang='lat' dir='ltr'>quidquem</span> <span class='ocrx_word' id='word_1_169' title='bbox 1434 3320 1499 3373; x_wconf 81' lang='lat' dir='ltr'>eliud</span> 
     </span>
     <span class='ocr_line' id='line_1_24' title="bbox 442 3406 1499 3473; baseline 0.004 -16"><span class='ocrx_word' id='word_1_170' title='bbox 442 3414 497 3466; x_wconf 77' lang='lat' dir='ltr'>rut,</span> <span class='ocrx_word' id='word_1_171' title='bbox 518 3408 577 3469; x_wconf 90' lang='lat' dir='ltr'>ipso</span> <span class='ocrx_word' id='word_1_172' title='bbox 597 3407 665 3456; x_wconf 85' lang='lat' dir='ltr'>Gaio</span> <span class='ocrx_word' id='word_1_173' title='bbox 687 3413 752 3457; x_wconf 82' lang='lat' dir='ltr'>testo</span> <span class='ocrx_word' id='word_1_174' title='bbox 772 3407 808 3466; x_wconf 91' lang='lat' dir='ltr'>ll,</span> <span class='ocrx_word' id='word_1_175' title='bbox 824 3408 868 3458; x_wconf 79' lang='lat'>57.</span> <span class='ocrx_word' id='word_1_176' title='bbox 887 3406 943 3473; x_wconf 82' lang='lat'><strong>58.)</strong></span> <span class='ocrx_word' id='word_1_177' title='bbox 1001 3411 1059 3457; x_wconf 75' lang='lat' dir='ltr'>«sii</span> <span class='ocrx_word' id='word_1_178' title='bbox 1082 3409 1215 3459; x_wconf 78' lang='lat' dir='ltr'>heredites</span> <span class='ocrx_word' id='word_1_179' title='bbox 1234 3423 1317 3472; x_wconf 79' lang='lat' dir='ltr'>quum</span> <span class='ocrx_word' id='word_1_180' title='bbox 1337 3424 1369 3462; x_wconf 81' lang='lat' dir='ltr'>er</span> <span class='ocrx_word' id='word_1_181' title='bbox 1389 3426 1459 3473; x_wconf 75' lang='lat' dir='ltr'>quse</span> <span class='ocrx_word' id='word_1_182' title='bbox 1478 3413 1499 3457; x_wconf 90' lang='lat' dir='ltr'>in</span> 
     </span>
     <span class='ocr_line' id='line_1_25' title="bbox 441 3494 1497 3564; baseline 0.002 -20"><span class='ocrx_word' id='word_1_183' title='bbox 441 3494 556 3556; x_wconf 75' lang='lat' dir='ltr'>Quando</span> <span class='ocrx_word' id='word_1_184' title='bbox 575 3506 622 3555; x_wconf 92' lang='lat' dir='ltr'>pro</span> <span class='ocrx_word' id='word_1_185' title='bbox 643 3494 836 3545; x_wconf 72' lang='lat' dir='ltr'>hereditatibus</span> <span class='ocrx_word' id='word_1_186' title='bbox 854 3501 944 3561; x_wconf 75' lang='lat' dir='ltr'>singu·</span> <span class='ocrx_word' id='word_1_187' title='bbox 1001 3498 1269 3548; x_wconf 67' lang='lat' dir='ltr'>«hereditatesunta</span> <span class='ocrx_word' id='word_1_188' title='bbox 1286 3500 1358 3549; x_wconf 81' lang='lat' dir='ltr'>Pila.</span> <span class='ocrx_word' id='word_1_189' title='bbox 1373 3502 1426 3564; x_wconf 76' lang='lat' dir='ltr'>Ep.</span> <span class='ocrx_word' id='word_1_190' title='bbox 1440 3499 1497 3559; x_wconf 83' lang='lat' dir='ltr'>V,l.</span> 
     </span>
     <span class='ocr_line' id='line_1_26' title="bbox 440 3581 1497 3645; baseline 0.005 -13"><span class='ocrx_word' id='word_1_191' title='bbox 440 3583 481 3634; x_wconf 79' lang='lat' dir='ltr'>lue</span> <span class='ocrx_word' id='word_1_192' title='bbox 499 3595 542 3635; x_wconf 85' lang='lat' dir='ltr'>res</span> <span class='ocrx_word' id='word_1_193' title='bbox 561 3581 736 3633; x_wconf 73' lang='lat' dir='ltr'>hereditariae</span> <span class='ocrx_word' id='word_1_194' title='bbox 755 3588 865 3645; x_wconf 82' lang='lat' dir='ltr'>usucupl</span> <span class='ocrx_word' id='word_1_195' title='bbox 885 3598 944 3636; x_wconf 91' lang='lat' dir='ltr'>coe·</span> <span class='ocrx_word' id='word_1_196' title='bbox 1002 3585 1080 3635; x_wconf 71' lang='lat' dir='ltr'>«Scis</span> <span class='ocrx_word' id='word_1_197' title='bbox 1095 3619 1100 3630; x_wconf 93' lang='lat'>.</span> <span class='ocrx_word' id='word_1_198' title='bbox 1118 3619 1124 3631; x_wconf 94' lang='lat'><strong><em>.</em></strong></span> <span class='ocrx_word' id='word_1_199' title='bbox 1141 3620 1148 3635; x_wconf 93' lang='lat'>.</span> <span class='ocrx_word' id='word_1_200' title='bbox 1165 3589 1217 3637; x_wconf 83' lang='lat' dir='ltr'>lnrn</span> <span class='ocrx_word' id='word_1_201' title='bbox 1228 3587 1370 3638; x_wconf 84' lang='lat' dir='ltr'>biennium</span> <span class='ocrx_word' id='word_1_202' title='bbox 1383 3592 1497 3641; x_wconf 71' lang='lat' dir='ltr'>transisse</span> 
     </span>
     <span class='ocr_line' id='line_1_27' title="bbox 441 3671 1496 3741; baseline 0.003 -19"><span class='ocrx_word' id='word_1_203' title='bbox 441 3674 547 3734; x_wconf 86' lang='lat' dir='ltr'>perlui,</span> <span class='ocrx_word' id='word_1_204' title='bbox 572 3671 649 3721; x_wconf 86' lang='lat' dir='ltr'>dees</span> <span class='ocrx_word' id='word_1_205' title='bbox 667 3685 695 3722; x_wconf 88' lang='lat' dir='ltr'>re</span> <span class='ocrx_word' id='word_1_206' title='bbox 717 3673 815 3723; x_wconf 90' lang='lat' dir='ltr'>uldesls</span> <span class='ocrx_word' id='word_1_207' title='bbox 834 3673 886 3722; x_wconf 77' lang='lat' dir='ltr'>cic.</span> <span class='ocrx_word' id='word_1_208' title='bbox 908 3676 943 3725; x_wconf 82' lang='lat' dir='ltr'>ud</span> <span class='ocrx_word' id='word_1_209' title='bbox 1000 3675 1163 3736; x_wconf 75' lang='lat' dir='ltr'>sociataque</span> <span class='ocrx_word' id='word_1_210' title='bbox 1192 3689 1233 3726; x_wconf 81' lang='lat' dir='ltr'>me</span> <span class='ocrx_word' id='word_1_211' title='bbox 1260 3680 1443 3741; x_wconf 72' lang='lat' dir='ltr'>concepisse.»</span> <span class='ocrx_word' id='word_1_212' title='bbox 1471 3700 1496 3712; x_wconf 88' lang='lat'><em>-</em></span> 
     </span>
     <span class='ocr_line' id='line_1_28' title="bbox 440 3758 1494 3827; baseline 0.003 -18"><span class='ocrx_word' id='word_1_213' title='bbox 440 3763 495 3810; x_wconf 80' lang='lat' dir='ltr'>Ait.</span> <span class='ocrx_word' id='word_1_214' title='bbox 511 3761 533 3818; x_wconf 94' lang='lat' dir='ltr'>i,</span> <span class='ocrx_word' id='word_1_215' title='bbox 546 3760 573 3818; x_wconf 85' lang='lat'>5,</span> <span class='ocrx_word' id='word_1_216' title='bbox 587 3758 613 3808; x_wconf 85' lang='lat' dir='ltr'>o.</span> <span class='ocrx_word' id='word_1_217' title='bbox 635 3761 697 3811; x_wconf 79' lang='lat' dir='ltr'>elie</span> <span class='ocrx_word' id='word_1_218' title='bbox 710 3761 828 3813; x_wconf 79' lang='lat' dir='ltr'>&#39;ludisne</span> <span class='ocrx_word' id='word_1_219' title='bbox 845 3775 894 3812; x_wconf 89' lang='lat' dir='ltr'>re.</span> <span class='ocrx_word' id='word_1_220' title='bbox 911 3799 917 3811; x_wconf 91' lang='lat'>.</span> <span class='ocrx_word' id='word_1_221' title='bbox 933 3796 941 3810; x_wconf 88' lang='lat'><strong>.</strong></span> <span class='ocrx_word' id='word_1_222' title='bbox 1002 3763 1104 3814; x_wconf 81' lang='lat' dir='ltr'>Walter</span> <span class='ocrx_word' id='word_1_223' title='bbox 1120 3762 1220 3814; x_wconf 80' lang='lat' dir='ltr'>Geseb.</span> <span class='ocrx_word' id='word_1_224' title='bbox 1241 3766 1268 3814; x_wconf 91' lang='lat' dir='ltr'>d.</span> <span class='ocrx_word' id='word_1_225' title='bbox 1283 3766 1316 3815; x_wconf 84' lang='lat' dir='ltr'>ll.</span> <span class='ocrx_word' id='word_1_226' title='bbox 1332 3767 1367 3815; x_wconf 84' lang='lat' dir='ltr'>ll.</span> <span class='ocrx_word' id='word_1_227' title='bbox 1383 3768 1423 3817; x_wconf 91' lang='lat' dir='ltr'>lll</span> <span class='ocrx_word' id='word_1_228' title='bbox 1433 3803 1441 3827; x_wconf 87' lang='lat'><strong>‚</strong></span> <span class='ocrx_word' id='word_1_229' title='bbox 1459 3765 1494 3813; x_wconf 76' lang='lat' dir='ltr'>ii.</span> 
     </span>
     <span class='ocr_line' id='line_1_29' title="bbox 441 3849 1107 3913; baseline 0.008 -20"><span class='ocrx_word' id='word_1_230' title='bbox 441 3849 529 3898; x_wconf 75' lang='lat' dir='ltr'>«nibli</span> <span class='ocrx_word' id='word_1_231' title='bbox 548 3861 605 3898; x_wconf 82' lang='lat' dir='ltr'>esse</span> <span class='ocrx_word' id='word_1_232' title='bbox 624 3852 694 3908; x_wconf 84' lang='lat' dir='ltr'>lem,</span> <span class='ocrx_word' id='word_1_233' title='bbox 720 3851 793 3912; x_wconf 91' lang='lat' dir='ltr'>quod</span> <span class='ocrx_word' id='word_1_234' title='bbox 811 3850 942 3901; x_wconf 74' lang='lat' dir='ltr'>laborare·</span> <span class='ocrx_word' id='word_1_235' title='bbox 1000 3865 1026 3913; x_wconf 92' lang='lat' dir='ltr'>p.</span> <span class='ocrx_word' id='word_1_236' title='bbox 1045 3851 1107 3902; x_wconf 82' lang='grc'><strong>695.</strong></span> 
     </span>
    </p>

    <p class='ocr_par' dir='ltr' id='par_1_7' title="bbox 442 3937 1266 4002">
     <span class='ocr_line' id='line_1_30' title="bbox 442 3937 1266 4002; baseline 0.011 -21"><span class='ocrx_word' id='word_1_237' title='bbox 442 3943 525 3997; x_wconf 79' lang='lat' dir='ltr'>ntur,</span> <span class='ocrx_word' id='word_1_238' title='bbox 562 3942 689 3999; x_wconf 79' lang='lat' dir='ltr'>quonium</span> <span class='ocrx_word' id='word_1_239' title='bbox 722 3940 853 3990; x_wconf 78' lang='lat' dir='ltr'>hereditas</span> <span class='ocrx_word' id='word_1_240' title='bbox 881 3954 942 3988; x_wconf 81' lang='lat' dir='ltr'>ara·</span> <span class='ocrx_word' id='word_1_241' title='bbox 1033 3937 1078 4002; x_wconf 78' lang='lat'>23)</span> <span class='ocrx_word' id='word_1_242' title='bbox 1098 3940 1114 3990; x_wconf 93' lang='lat' dir='ltr'>l.</span> <span class='ocrx_word' id='word_1_243' title='bbox 1136 3942 1152 3989; x_wconf 94' lang='lat' dir='ltr'>i.</span> <span class='ocrx_word' id='word_1_244' title='bbox 1174 3955 1199 4002; x_wconf 90' lang='lat' dir='ltr'>p.</span> <span class='ocrx_word' id='word_1_245' title='bbox 1221 3940 1266 3991; x_wconf 74' lang='lat'>32.</span> 
     </span>
    </p>

    <p class='ocr_par' dir='ltr' id='par_1_8' title="bbox 441 4026 1491 4268">
     <span class='ocr_line' id='line_1_31' title="bbox 442 4026 1491 4089; baseline 0.009 -18"><span class='ocrx_word' id='word_1_246' title='bbox 442 4033 544 4087; x_wconf 75' lang='lat' dir='ltr'>«capta</span> <span class='ocrx_word' id='word_1_247' title='bbox 565 4035 657 4075; x_wconf 75' lang='lat' dir='ltr'>aser.»</span> <span class='ocrx_word' id='word_1_248' title='bbox 696 4028 798 4077; x_wconf 82' lang='lat' dir='ltr'>Rursus</span> <span class='ocrx_word' id='word_1_249' title='bbox 824 4029 885 4078; x_wconf 79' lang='lat' dir='ltr'>Son.</span> <span class='ocrx_word' id='word_1_250' title='bbox 911 4028 943 4076; x_wconf 86' lang='lat' dir='ltr'>de</span> <span class='ocrx_word' id='word_1_251' title='bbox 1033 4026 1077 4089; x_wconf 66' lang='lat'>24)</span> <span class='ocrx_word' id='word_1_252' title='bbox 1106 4028 1304 4082; x_wconf 76' lang='lat' dir='ltr'>Continuantur</span> <span class='ocrx_word' id='word_1_253' title='bbox 1330 4034 1398 4084; x_wconf 84' lang='lat' dir='ltr'>buce</span> <span class='ocrx_word' id='word_1_254' title='bbox 1424 4030 1491 4083; x_wconf 73' lang='lat' dir='ltr'>ned·</span> 
     </span>
     <span class='ocr_line' id='line_1_32' title="bbox 441 4114 1490 4181; baseline 0.01 -19"><span class='ocrx_word' id='word_1_255' title='bbox 441 4114 530 4178; x_wconf 73' lang='lat' dir='ltr'>lienes.</span> <span class='ocrx_word' id='word_1_256' title='bbox 550 4114 595 4171; x_wconf 82' lang='lat' dir='ltr'>Vl.</span> <span class='ocrx_word' id='word_1_257' title='bbox 613 4115 639 4164; x_wconf 86' lang='lat'>5.</span> <span class='ocrx_word' id='word_1_258' title='bbox 667 4115 941 4166; x_wconf 79' lang='lat' dir='ltr'>«Iurisconsullorurn</span> <span class='ocrx_word' id='word_1_259' title='bbox 998 4118 1066 4178; x_wconf 86' lang='lat' dir='ltr'>illis,</span> <span class='ocrx_word' id='word_1_260' title='bbox 1087 4131 1185 4180; x_wconf 77' lang='lat' dir='ltr'>quaec</span> <span class='ocrx_word' id='word_1_261' title='bbox 1206 4132 1229 4170; x_wconf 86' lang='lat' dir='ltr'>e·</span> <span class='ocrx_word' id='word_1_262' title='bbox 1243 4120 1288 4170; x_wconf 74' lang='lat'>³2.</span> <span class='ocrx_word' id='word_1_263' title='bbox 1303 4123 1415 4174; x_wconf 82' lang='lat' dir='ltr'>exhibui</span> <span class='ocrx_word' id='word_1_264' title='bbox 1427 4128 1490 4181; x_wconf 78' lang='lat' dir='ltr'>sopri</span> 
     </span>
     <span class='ocr_line' id='line_1_33' title="bbox 442 4206 1229 4268; baseline 0.006 -15"><span class='ocrx_word' id='word_1_265' title='bbox 442 4206 530 4254; x_wconf 74' lang='lat' dir='ltr'>«istnc</span> <span class='ocrx_word' id='word_1_266' title='bbox 548 4208 641 4253; x_wconf 74' lang='lat' dir='ltr'>neuim</span> <span class='ocrx_word' id='word_1_267' title='bbox 657 4206 772 4265; x_wconf 76' lang='lat' dir='ltr'>ineptire</span> <span class='ocrx_word' id='word_1_268' title='bbox 792 4213 872 4264; x_wconf 83' lang='lat' dir='ltr'>sunt,</span> <span class='ocrx_word' id='word_1_269' title='bbox 895 4208 940 4268; x_wconf 91' lang='lat' dir='ltr'>qul</span> <span class='ocrx_word' id='word_1_270' title='bbox 998 4220 1024 4268; x_wconf 90' lang='lat' dir='ltr'>p.</span> <span class='ocrx_word' id='word_1_271' title='bbox 1047 4207 1107 4258; x_wconf 64' lang='lat'>342.</span> <span class='ocrx_word' id='word_1_272' title='bbox 1129 4214 1184 4259; x_wconf 89' lang='lat' dir='ltr'>not.</span> <span class='ocrx_word' id='word_1_273' title='bbox 1204 4208 1229 4258; x_wconf 87' lang='lat'>1.</span> 
     </span>
    </p>
   </div>
   <div class='ocr_carea' id='block_1_6' title="bbox 0 0 1562 5046">
    <p class='ocr_par' dir='ltr' id='par_1_9' title="bbox 0 0 1562 5046">
     <span class='ocr_line' id='line_1_34' title="bbox 0 0 1562 5046; baseline 0 0"><span class='ocrx_word' id='word_1_274' title='bbox 0 0 1562 5046; x_wconf 95' lang='lat' dir='ltr'> </span> 
     </span>
    </p>
   </div>
  </div>
 </body>
</html>
