3114 5046
272 351 310 428 s.
334 340 368 413 1.
422 337 563 413 Iudicii
584 341 690 438 oripo
712 346 747 412 el
774 347 931 412 nutura.

119 528 188 594 itt.
232 528 277 593 Νι
298 574 307 592 .
329 575 337 590 .
360 574 369 592 .
391 516 552 593 acmessit
576 547 709 592 ussum.

119 684 183 754 Sic
218 688 285 774 legi
313 686 410 751 iussit
439 685 661 766 Biissonlus,
691 703 805 770 purum
839 683 968 769 quiden·
1006 684 1128 751 idoneo
1147 640 1245 685 om

58 811 211 896 ratione,
243 809 373 874 seilicet
404 809 480 892 quie
500 808 721 891 sponsiones,
755 807 874 888 qulbus
900 826 938 871 se
968 809 1129 891 boticem,

60 1095 130 1145 Proi.
150 1095 216 1154 75.‚
246 1094 324 1157 Epid.
345 1094 381 1153 V,
400 1093 434 1150 Ξ,
454 1094 500 1144 35.
520 1093 564 1145 tl.

60 1183 132 1234 Pers.
154 1183 203 1242 ll,
231 1182 263 1243 2,
294 1182 350 1241 c),
385 1184 517 1244 posterior
542 1189 566 1232 el

60 1273 278 1322 «coniunctiorem
294 1277 319 1320 et
334 1271 508 1321 lindicolinum
520 1271 567 1320 nd·

61 1363 183 1420 unierit,
202 1366 233 1409 ut
251 1367 339 1410 lumen
357 1360 398 1408 lie
415 1360 506 1421 upliur
519 1373 568 1423 po·

62 1456 193 1498 amiur.»

91 1538 152 1588 lion
176 1536 355 1599 repugnabo:
377 1536 403 1586 id
422 1549 507 1586 uuum
523 1549 568 1585 me

61 1627 167 1680 turbal.
183 1625 256 1688 quud
267 1625 295 1674 in
304 1623 474 1674 affirmatiuis
488 1638 568 1688 spuu-

63 1715 185 1763 tiunibus
209 1712 322 1777 obliquo
346 1727 472 1763 sermone
500 1714 568 1764 reie-

63 1804 153 1852 rendis
177 1816 235 1851 uon
256 1803 383 1851 cunctor
409 1801 438 1853 St
464 1809 490 1852 et
510 1804 567 1859 iit,

64 1891 144 1941 immo
178 1896 309 1953 perpetuo
338 1893 462 1955 neputtou
489 1893 570 1955 parti·

65 1980 120 2028 culn
140 1979 178 2029 Νι
197 1978 352 2028 adhibetur.
396 1977 480 2029 Cuius
504 1979 568 2029 uodi

65 2067 190 2130 equidem
218 2066 315 2116 uidero
340 2067 568 2130 simplicissimam

65 2155 250 2214 solutionem,
293 2155 441 2206 dummodo
476 2156 572 2207 licerel

67 2243 225 2306 particulam
240 2244 269 2292 nl
283 2256 330 2306 pru
342 2258 437 2302 noune,
458 2258 494 2294 un
505 2258 569 2304 non,

68 2334 92 2381 iu
118 2332 232 2395 obliqua
263 2332 386 2382 oratione
410 2333 503 2395 positis
522 2331 571 2393 (Ob

67 2422 154 2484 nicil),
176 2419 340 2483 intelligere.
389 2421 471 2471 Vetus
497 2423 570 2472 enim

69 2515 105 2558 est
120 2516 206 2574 atque
225 2510 348 2559 omnium
366 2509 453 2560 ierme
467 2511 572 2574 liugua-

69 2611 123 2647 rum
143 2612 196 2647 usu
224 2604 384 2662 receptum,
413 2612 483 2662 quoe
499 2600 573 2665 ospr-

68 2688 155 2735 nundi
186 2686 280 2737 animo
306 2688 417 2750 obliqua
450 2688 572 2738 oratione

68 2775 284 2836 interrogentur,
306 2777 434 2837 negutiue
452 2777 569 2839 concipi,

69 2869 93 2910 et
109 2868 216 2912 contra.
255 2863 289 2913 At
307 2866 381 2914 euim
402 2865 517 2916 uoculae
540 2865 573 2914 Ni

69 2952 202 3001 eiusmodi
227 2951 390 3013 significatio
416 2955 443 3003 in
468 2953 574 3003 Lericis

70 3052 203 3103 nusquam
223 3042 352 3090 occurrit.
389 3042 459 3103 Ergo
473 3043 525 3092 boc
540 3043 574 3091 de

70 3128 202 3178 latinitate
238 3129 368 3178 iudicium
402 3130 575 3193 peritioribus

70 3216 207 3279 relinquo.
256 3216 331 3267 llaec
350 3223 442 3269 temen
467 3232 575 3269 mecum

70 3287 208 3369 reputari,
227 3305 346 3368 primum
359 3305 388 3356 Si
405 3307 477 3357 baud
494 3307 575 3358 dubie

70 3408 117 3458 pro
132 3394 177 3444 dn
198 3396 340 3458 upari,
373 3396 464 3460 ltaque
489 3398 575 3460 ipsam

70 3484 181 3538 Latinae
201 3485 314 3548 liuguae
329 3483 449 3534 indolem
468 3485 511 3534 uix
529 3484 576 3534 ob·

71 3580 157 3632 stare,
191 3575 259 3637 quin
282 3573 316 3623 Ni
347 3574 431 3635 possit
456 3574 497 3622 Au
523 3587 577 3622 non

72 3662 244 3724 significum
264 3660 394 3721 aiterum,
415 3660 485 3711 ultro
498 3673 577 3724 posse

72 3752 201 3811 concedi,
231 3751 265 3800 ad
286 3750 404 3812 priscum
423 3762 576 3799 sermonem

74 3839 146 3889 ilium
164 3839 244 3889 uocis
261 3839 296 3888 bi
313 3852 414 3896 usum,
443 3837 577 3900 siqnidem

74 3928 237 3985 obtinuerit,
270 3928 432 3989 pertinere;
459 3939 522 3975 unm
550 3925 577 3974 in

76 4018 252 4077 sponsionum
276 4015 462 4078 similiumque
486 4028 577 4063 rerum

78 4104 131 4153 iore
154 4110 181 4154 et
207 4104 407 4153 consuetudine
431 4108 484 4151 tum
504 4103 579 4152 Cice·

81 4194 146 4242 mnis
164 4199 254 4244 aetate
273 4203 356 4256 quem
375 4198 467 4255 postea
481 4192 578 4241 multas

624 1095 705 1157 prisci
735 1096 869 1144 sermonis
904 1095 1032 1158 reliquias
1066 1095 1128 1144 euti·

623 1183 704 1242 tisse,
727 1196 809 1233 nemo
828 1197 895 1233 saue
914 1184 1034 1244 negabit.
1079 1182 1128 1231 lle·

624 1271 706 1333 nique
721 1286 805 1321 uuum
819 1271 916 1322 saitem
930 1271 1019 1321 iocum
1036 1272 1129 1320 inueni

625 1355 727 1424 (neque
746 1360 863 1410 lectione
881 1373 970 1424 noque
987 1373 1067 1410 seusu
1082 1360 1129 1408 du·

625 1452 715 1509 bium,
735 1449 859 1512 quamuis
879 1450 955 1498 uarie
975 1448 1058 1498 aVV.
1071 1447 1128 1506 titt,

624 1535 785 1602 agitatum),
807 1538 853 1588 ubi
874 1537 901 1586 iu
920 1536 1059 1586 commoni
1072 1549 1130 1585 ser·

626 1641 707 1678 moue
726 1625 823 1676 uocuia
843 1627 877 1676 Ni
895 1627 930 1674 ito
950 1625 1042 1675 ualere
1056 1625 1129 1674 uide·

626 1723 692 1774 tur:
723 1716 786 1766 dico
816 1715 907 1764 Plauti
935 1714 1040 1763 Trncul.
1078 1713 1128 1771 il',

625 1807 659 1863 2,
678 1805 721 1854 2³.

625 1893 797 1956 Astaphium:
827 1892 964 1941 obitteras
994 1891 1128 1941 didicisti:

679 1981 810 2043 «quondo
828 1982 898 2040 scin,
926 1981 985 2029 sine
1004 1979 1073 2028 alios
1092 1980 1130 2028 di·

679 2082 807 2118 necere.»

627 2158 760 2208 Dinurcl:
793 2156 943 2216 «Discunt,
977 2157 1040 2205 dum
1068 2156 1133 2204 mibi

679 2247 884 2311 uurpumcnluri
896 2245 981 2305 liccul,
1000 2244 1132 2295 nioblitur

681 2335 765 2384 «nen

681 2422 781 2484 «Quod
801 2422 874 2472 dedi.
901 2443 934 2456 -—
963 2423 1007 2472 As.
1029 2423 1131 2472 interea

682 2512 835 2573 «magister
853 2512 918 2560 dum
937 2516 964 2559 tu
994 2524 1132 2560 commen·

682 2600 796 2648 «tabere

682 2688 763 2737 «Vult
777 2688 884 2737 interim
899 2687 944 2735 illa
959 2686 1050 2736 itidem
1061 2699 1133 2735 com·

682 2777 829 2826 «mentori.
860 2800 890 2810 -
919 2776 963 2824 ili.
997 2775 1080 2837 quidi
1102 2798 1130 2810 -

678 2866 744 2915 «Ar.
781 2878 839 2914 rem
873 2864 998 2926 accipere
1035 2863 1134 2914 identi-

682 2954 804 3014 odem»,
824 2952 874 3001 rei.

631 3043 730 3094 Confer
765 3047 872 3105 praeter
898 3041 1021 3090 Editores
1053 3040 1134 3088 etium

631 3131 660 3181 F.
682 3131 713 3181 G.
735 3131 765 3180 Β.
790 3131 875 3179 iiortil
900 3129 1031 3192 opuscula
1057 3128 1135 3177 Pluu-

631 3220 705 3278 tina,
734 3218 793 3268 Vol.
823 3219 859 3267 ΙΙ.
885 3233 910 3282 p.
939 3217 1000 3269 338.
1037 3218 1135 3267 «Ducit

632 3307 754 3357 emdcbt’
773 3306 817 3356 icb
835 3306 1010 3367 eriorecben,
1034 3307 1069 3356 ob
1092 3306 1136 3356 icb

633 3401 724 3451 estiva
751 3396 971 3457 ansuescbwitat,
1000 3393 1066 3446 Was
1091 3395 1136 3444 icb

633 3483 763 3533 eleros.»
793 3511 825 3520 -
862 3483 913 3534 Sed
936 3483 989 3533 lam
1016 3484 1080 3533 satis
1102 3484 1136 3533 de

633 3573 793 3631 Latinitate,
818 3573 852 3621 de
871 3585 942 3636 qua,
970 3573 1040 3622 sicot
1056 3578 1135 3621 antea

634 3663 702 3718 diri,
734 3675 788 3710 nou
820 3674 910 3709 meum
937 3666 979 3710 est
1006 3661 1135 3710 iudicare.

633 3750 672 3799 lle
691 3762 720 3798 re
740 3754 829 3797 autem
849 3762 881 3797 ac
894 3751 1026 3798 sententie
1047 3751 1074 3798 iu
1094 3762 1137 3798 me

634 3838 755 3900 recipio,
774 3835 849 3896 iore,
879 3842 926 3899 ut,
954 3851 1023 3900 queo
1042 3850 1137 3886 secuu-

635 3926 698 3974 dum
727 3925 883 3974 Hnrcblrium
901 3925 977 3974 attuli
1003 3926 1136 3988 exempla,

634 4014 726 4064 omnia
757 4013 934 4063 inueniuntur
953 4020 1070 4064 tentatue
1099 4015 1137 4063 ilii

635 4104 734 4152 rationi
754 4108 936 4152 consentaneo
956 4116 1026 4153 etse.
1073 4103 1137 4164 Qui·

635 4192 685 4241 bns
717 4192 828 4255 insuper
855 4192 980 4241 adiiciam
1016 4198 1069 4241 tum
1103 4191 1137 4240 ad
