3114 5046
328 405 392 468 624
483 383 579 485 cap.
599 385 633 459 1.
670 383 732 460 De
752 389 839 460 iure
857 406 1018 459 caussae
1035 381 1253 460 Tullianae.

171 584 310 626 com-mo.
329 568 440 633 datum
461 569 525 650 sit,
547 586 687 633 neeesse
707 585 804 651 esse3
826 584 901 630 nam
916 567 944 629 si
960 567 1030 629 iure
1046 566 1098 630 Μ.
1115 565 1230 631 'l'ultie
1245 565 1385 631 &maun

171 659 237 699 lacus
250 662 304 700 alter

308 688 441 756 'datum
463 693 528 772 sit,
550 709 618 754 non
643 709 743 773 posse
766 688 843 753 deis
866 689 951 752 maie
974 688 1118 753 familiae
1142 687 1179 752 P.
1201 687 1300 753 Fabii
1319 705 1386 753 esst

329 811 452 876 datum.
494 811 633 895 Nescio,
660 818 737 874 num
767 811 856 874 forte
884 811 983 874 ctiam
1012 807 1173 875 adiecerit
1202 807 1386 890 Quinctius,

329 933 415 998 hane
437 936 542 1016 ipsam
564 951 717 998 caussam
741 931 865 1013 inisse,
886 950 946 996 cnr
968 930 1096 996 diserta
1117 932 1260 997 iniuriae
1275 933 1384 998 mentio

329 1059 363 1119 in
386 1055 498 1120 iudicii
520 1055 662 1120 formula
684 1052 883 1119 aPraetore
906 1055 1116 1138 eaeterisque
1136 1054 1203 1120 sibi
1227 1073 1295 1119 nen
1312 1072 1382 1120 cue·

329 1176 519 1243 cederetur.

391 1361 509 1444 Qualis
538 1362 565 1426 si
599 1381 721 1446 reapse
754 1361 817 1429 hae.
849 1365 947 1445 parte
975 1357 1123 1442 Quinctii
1144 1379 1256 1426 sermo
1279 1360 1375 1442 fuerit,

329 1502 437 1570 neque
458 1485 576 1569 alium,
597 1488 633 1547 ut
651 1489 752 1548 antea
767 1484 853 1570 dixi,
875 1483 950 1548 mihi
967 1483 1130 1572 effingere
1144 1501 1301 1569 pessum3
1322 1499 1376 1546 me-

329 1598 484 1669 nifestum
517 1624 600 1670 sane
634 1609 701 1688 est,
735 1610 841 1670 totum
875 1605 962 1672 hune
995 1604 1204 1670 defensionis
1225 1599 1375 1670 lecumsd

329 1729 472 1811 priorem
506 1727 614 1809 ilium,
644 1728 700 1792 ubi
731 1728 773 1793 de
801 1729 970 1793 sententia
995 1728 1173 1792 uerborum
1202 1725 1280 1791 dete
1302 1722 1376 1790 uuio

326 1844 489 1932 familiae
504 1850 739 1934 quaerebatur,
754 1867 939 1931 recurrere,
952 1847 1104 1935 adeoque
1118 1850 1161 1913 ab
1177 1849 1235 1912 illo
1249 1864 1376 1934 suspeu-

329 1990 401 2035 sum
423 1973 549 2052 teneri,
571 1976 608 2035 nt
629 1970 810 2037 seeundum
830 1976 939 2035 utrum
954 1972 1020 2037 iilic
1035 1971 1237 2035 sententiam
1253 1967 1376 2048 dederis

330 2111 402 2156 eum
425 2091 479 2159 hic
501 2112 632 2178 queque
655 2095 790 2159 uincere
813 2098 978 2179 operteat.
1020 2093 1179 2160 Nimirum
1201 2095 1231 2157 si
1255 2109 1298 2157 ex
1318 2090 1376 2155 ior-

330 2215 437 2277 mulae
466 2216 652 2296 sententia,
685 2213 775 2298 quod
802 2216 835 2279 ui
859 2214 1045 2279 haminibus
1066 2215 1204 2278 armatis
1225 2213 1376 2280 eoactisu

329 2334 481 2398 damnum
510 2337 552 2398 ab
580 2337 654 2417 ipsa
687 2337 811 2400 familia
833 2338 877 2400 sit
899 2335 1026 2417 datum,
1056 2337 1103 2399 itu
1126 2335 1255 2399 demum
1276 2337 1310 2398 in
1328 2331 1376 2396 hec

328 2454 481 2520 iudicium
504 2459 635 2538 ueniat,
657 2459 685 2520 si
709 2459 806 2522 etium
830 2456 907 2522 doio
929 2458 1075 2545 familiae
1097 2455 1211 2521 datum
1232 2461 1291 2544 sit;
1314 2460 1376 2520 tune

329 2579 445 2642 merite
480 2574 656 2657 Quinctius
686 2579 850 2663 postulat,
882 2583 919 2642 ut
949 2584 1085 2663 praeter
1107 2597 1175 2643 rern
1198 2583 1327 2667 gestam
1345 2572 1375 2638 dt

329 2698 417 2778 doio,
433 2704 499 2763 tum
516 2702 654 2783 propter
670 2699 778 2763 dolum
795 2703 892 2764 etiam
906 2700 947 2765 de
960 2703 1030 2765 iure
1041 2704 1074 2765 et
1090 2702 1209 2765 iniuria
1224 2699 1374 2765 audiatur:

328 2840 371 2883 ex
393 2820 556 2902 aduerso,
584 2824 613 2884 si
636 2840 749 2884 uerum
773 2825 843 2904 est,
877 2821 965 2906 qued
986 2819 1105 2887 Cicero
1129 2820 1299 2907 defendit,
1329 2821 1373 2883 hec

327 2941 448 3007 iudicio
472 2944 636 3007 contineri
660 2945 764 3027 prime
787 2962 882 3008 omne
905 2943 1056 3006 damnum
1079 2944 1111 3005 ui
1133 2942 1373 3010 hominibusu·

326 3066 424 3127 matis
445 3066 617 3130 cuaetisue
640 3066 683 3129 ab
707 3066 780 3145 ipsa
803 3065 926 3129 familia
950 3063 1078 3148 datum,
1108 3069 1177 3128 tum
1202 3071 1370 3150 praeterea,

327 3182 547 3269 quodeunque
570 3205 637 3248 non
660 3204 681 3249 a
703 3187 826 3250 familia
849 3183 977 3270 quidem
993 3185 1053 3250 sed
1068 3187 1111 3250 ab
1126 3187 1203 3251 aliis
1218 3189 1265 3251 ita
1282 3184 1370 3250 datum

325 3308 387 3386 sit,
409 3308 572 3370 rationem
596 3311 704 3370 tamen
727 3309 862 3371 ineunte
883 3307 1007 3372 familia
1030 3310 1064 3371 et
1087 3309 1287 3396 instigante,
1307 3306 1334 3370 h.
1350 3319 1369 3365 s

326 3426 402 3489 doio
426 3429 510 3491 malo
534 3429 698 3493 familiae:
722 3437 801 3493 tunc
820 3448 903 3493 sane
918 3431 946 3492 si
962 3427 1039 3514 quid
1055 3431 1130 3513 ipsa
1144 3429 1269 3494 familia
1282 3421 1368 3493 damni

326 3549 371 3609 ita
406 3545 554 3632 dederit,
587 3549 668 3614 nihil
697 3552 819 3614 attinet
845 3551 917 3614 siue
940 3549 1081 3614 dedolo
1104 3553 1178 3616 siue
1202 3551 1243 3616 de
1265 3553 1329 3614 iure
1345 3546 1367 3606 ti

325 3669 443 3730 iniuria
466 3688 639 3753 quaerere.
934 3653 936 3656 ’

385 3845 491 3910 Nebis
514 3851 622 3911 autem
646 3850 709 3911 iam
731 3850 815 3912 satis
829 3853 899 3932 est,
922 3851 1067 3915 intimam
1083 3850 1172 3919 hanc
1187 3852 1361 3917 affiniatem

323 3981 387 4048 qua
398 3968 484 4031 aiter
496 3967 702 4032 defensionis
711 3953 991 4046 Tullianncus
1002 3989 1075 4036 cum
1088 3976 1201 4056 priore
1213 3964 1358 4053 coniungi·

322 4091 392 4169 tur,
415 4086 664 4154 demonstrasse
676 4110 686 4174 3
707 4109 784 4155 nam
806 4097 963 4176 quantum
986 4112 1022 4157 re
1043 4098 1077 4158 et
1096 4098 1238 4160 ueritate
1251 4090 1290 4158 ad
1303 4084 1356 4152 uui·

323 4225 454 4272 uersum
475 4228 616 4276 caussae
632 4213 683 4277 ius
699 4218 839 4297 uterque
854 4216 1015 4299 ualuerit,
1037 4219 1170 4282 nonnisi
1186 4207 1351 4283 coniunctim
