3114 5046
338 390 401 456 eoo
488 368 583 471 cap.
600 368 636 442 i.
688 365 751 442 De
766 370 853 488 tore
869 389 1031 442 caussae
1049 364 1270 444 ubuum.

170 579 295 620 naman.
338 562 461 647 Fabio,
488 564 527 626 ut
553 578 610 645 se,
640 577 715 625 oum
743 557 827 624 bnes
852 561 1052 623 ostensurus
1073 561 1185 641 esset,
1209 557 1406 625 aduorsret.

336 684 400 749 iiie
421 700 459 748 se
480 680 823 768 facturum-negauit:
844 678 912 743 iiiis
933 679 1129 745 absentibus
1152 679 1238 745 bnes
1264 679 1405 747 denos-

336 806 467 870 strauit.
510 802 626 889 Neque
648 806 758 867 tamen
780 799 868 866 bone
890 802 1072 865 centuriam
1097 799 1320 886 Populianam
1341 820 1405 868 ιι-

336 944 433 993 euam
453 924 609 1009 tradidit,
630 943 705 989 nam
728 940 801 989 eum
823 922 913 987 serui
935 920 986 987 M.
1000 920 1100 987 'l'uiiii
1122 926 1209 1010 tum,
1232 941 1308 990 euru
1323 923 1405 991 duos

336 1048 647 1113 demonstrarentur
668 1047 703 1110 et
724 1042 861 1109 maditio
883 1043 1120 1129 perficeretur,
1140 1061 1215 1109 eam
1237 1049 1403 1131 tenerent,

335 1168 566 1258 ingredientes
585 1168 684 1232 iactis
705 1165 912 1251 repuieruut.
940 1163 994 1230 iit
1015 1160 1233 1230 Acerrontus
1256 1166 1401 1255 peridem,

334 1291 504 1378 promocio
524 1293 660 1373 potent,
682 1305 720 1353 se
741 1288 784 1353 de
807 1292 884 1353 toto
905 1304 947 1352 re
965 1292 1176 1372 commosin
1201 1307 1292 1353 mom
1313 1292 1400 1354 enin

333 1415 421 1477 sueti
432 1407 589 1494 ‘fraudes
609 1413 793 1495 perspexit
799 1429 811 1494 3
843 1409 1056 1498 maturatque
1076 1414 1202 1494 postea
1223 1408 1296 1476 sibi
1316 1429 1400 1498 pru-

335 1531 473 1597 taiutus
499 1534 577 1618 est,
609 1530 670 1596 abt
697 1548 745 1595 em
771 1535 911 1618 ruepotto
947 1549 1026 1596 eum
1062 1527 1202 1596 boman
1232 1531 1400 1597 camon

334 1656 433 1739 porto
462 1652 729 1720 eemturtutotus
750 1651 881 1739 effioptt.
925 1650 1051 1718 Fabius
1076 1670 1161 1717 uero
1192 1654 1339 1738 emptori
1360 1651 1398 1717 de

336 1776 540 1839 auctoritate
559 1774 730 1863 obligatus
748 1778 784 1840 et
799 1774 922 1841 uuerbe
943 1773 1069 1859 terens,
1092 1771 1182 1860 quod
1203 1777 1302 1840 artes
1322 1792 1398 1840 suae

336 1895 402 1961 sibi
430 1899 499 1963 tam
528 1896 615 1962 maie
636 1898 838 1983 cessissent,
874 1895 952 1960 doio
981 1897 1047 1960 uim
1071 1893 1199 1962 addere
1225 1894 1397 1981 Tullioque

335 2016 527 2084 uindicandi
562 2020 614 2083 sui
649 2020 762 2108 gratia
795 2019 961 2105 insignem
997 2018 1220 2084 calamitatem
1252 2016 1397 2106 indigere

335 2139 522 2205 constituit.
574 2138 724 2205 Adducit
754 2140 860 2229 igitur
882 2142 916 2204 in
944 2141 1065 2205 saltum
1092 2138 1250 2205 homines
1276 2140 1397 2207 eiectos

334 2262 486 2324 maximis
505 2261 642 2345 uiribus,
663 2262 763 2326 armis
783 2261 936 2347 instruit,
957 2261 1111 2346 omnique
1131 2260 1318 2327 uiolentiae
1337 2278 1396 2350 ge·

335 2382 407 2445 neri
430 2378 634 2467 adsuefacit3
669 2385 837 2448 coeterum
863 2382 972 2448 odium
999 2383 1173 2469 oeouiens,
1196 2384 1395 2469 opportuni-

333 2503 424 2567 tates
440 2500 584 2567 nocendi
601 2507 808 2588 captaturos
839 2507 976 2571 interim
991 2507 1091 2571 etiam
1106 2504 1240 2571 'l'uiiius
1254 2506 1290 2601 in
1306 2504 1395 2571 ’l'bu-

333 2623 441 2688 riuum
461 2625 571 2710 uenit,
599 2624 660 2690 sed
683 2625 791 2710 paiam
813 2644 880 2691 non
903 2630 987 2693 eiam
1008 2626 1201 2712 protectus,
1231 2628 1270 2691 ut
1291 2644 1394 2713 appa-

331 2751 425 2829 reat,
457 2765 526 2811 non
548 2745 740 2812 insidiarum
763 2751 796 2813 et
818 2749 965 2813 rixarum
986 2767 1123 2836 caussa,
1158 2746 1222 2812 sed
1248 2753 1286 2813 ut
1308 2765 1394 2813 suun

333 2867 535 2933 defenderet
562 2887 583 2933 a
610 2871 710 2935 uicini
739 2871 887 2956 iniuriis,
923 2888 943 2935 a
972 2889 1037 2954 quo
1068 2870 1178 2955 qualia
1207 2867 1393 2955 exspectari

332 2986 507 3074 deberent,
527 3008 585 3054 res
606 3009 714 3074 nuper
734 2995 834 3078 gesta
856 2986 1067 3075 ostendebat,
1089 2991 1123 3054 in
1146 2991 1286 3056 fundum
1308 3008 1392 3056 suun

331 3128 370 3175 se
389 3112 584 3176 contulisse.
627 3109 702 3191 Quo
717 3116 889 3196 comperto
904 3112 1029 3178 Fabius
1045 3111 1184 3176 fraudes
1199 3131 1282 3178 suas
1299 3129 1392 3197 prae-

330 3236 453 3297 uentas
483 3234 546 3297 iam
581 3233 791 3321 intelligens,
829 3235 1041 3299 occasionem
1069 3252 1137 3297 non
1167 3236 1318 3318 opperiri
1338 3229 1391 3297 sed

329 3355 437 3437 ipsum
457 3355 520 3419 sibi
544 3354 659 3419 facere
681 3356 780 3440 utque
802 3359 921 3436 aperto
943 3354 1106 3419 aduersus
1128 3354 1275 3420 'duilium
1295 3371 1390 3444 agere

329 3476 457 3538 statuit.
501 3475 581 3540 Cum
613 3477 718 3564 igitur
747 3475 889 3561 quodam
917 3476 971 3542 die
997 3495 1131 3541 seruum
1158 3476 1211 3541 M.
1233 3477 1333 3541 'inibi
1360 3477 1388 3539 iu

329 3593 517 3680 Populiana
539 3600 690 3663 centurie
711 3596 1010 3682 animaduerteret,
1040 3598 1119 3681 quid
1142 3602 1172 3663 ei
1196 3601 1233 3664 in
1255 3619 1317 3664 suo
1337 3616 1387 3662 es-

327 3720 381 3781 set
403 3720 548 3806 negotii,
570 3721 759 3804 compellat.
801 3714 951 3807 Servus,
976 3721 1005 3785 si
1029 3718 1109 3806 quid
1129 3720 1236 3786 uellet
1259 3721 1385 3802 dissep-

326 3842 415 3922 tsre,
447 3839 613 3905 dominum
641 3840 766 3924 adiret,
793 3840 991 3926 respondet.
1035 3840 1269 3908 Proficisoitur
1294 3843 1384 3927 igitur

326 3975 399 4024 eum
422 3960 610 4027 Acerronio
638 3954 738 4044 (nam
759 3964 788 4028 is
809 3982 941 4049 quoque
964 3964 1009 4029 ibi
1032 3967 1101 4028 tum
1123 3955 1224 4044 erat)
1246 3964 1289 4030 ad
1310 3961 1381 4027 iui-

324 4079 359 4142 iii
385 4081 496 4145 uillam
524 4081 663 4167 Fabius;
699 4104 769 4149 rem
791 4088 949 4169 exponit,
978 4085 1121 4150 Tullium
1151 4106 1250 4151 suum
1279 4090 1379 4151 tenere

324 4202 544 4287 uociferatur,
566 4203 600 4268 id
616 4223 655 4270 se
677 4204 921 4272 uindicaturum
942 4209 1065 4291 iactat,
1087 4209 1258 4294 appeiiat,
1278 4210 1312 4271 ut
1329 4203 1376 4268 sut
