3114 5046
323 345 387 409 264
504 338 599 443 Cap.
625 341 685 416 ΙΙ.
738 338 800 415 Da
824 342 1014 416 uarietate
1039 342 1210 416 tantona

156 494 304 608 ⁵333&
453 552 550 620 qnam
573 523 692 615 simul]
714 537 790 600 tam
810 532 920 598 stmulz
942 529 994 598 Pl.

450 647 620 741 expertri]
642 675 721 722 cam
742 655 906 741 expertri:
928 652 992 719 Pk.

450 795 524 845 cum
546 766 693 859 summa]
717 795 789 843 aum
810 779 988 842 mamma.-
1010 772 1081 858 Ph,
1102 792 1132 842 a.

452 889 600 980 inuidia]
623 903 771 965 intanta:
809 896 883 983 Ph,
904 915 936 961 n.
956 927 998 939 -
1020 897 1172 963 tadtata:
1200 896 1241 962 B·
1263 893 1335 981 Pb,
1357 915 1393 982 a,

496 1019 533 1107 d,
555 1020 585 1105 f,
605 1041 649 1108 g,
669 1022 691 1085 Ι.
733 1018 791 1086 Ad
816 1019 999 1110 marginem
1027 1019 1062 1082 in
1092 1017 1147 1083 B.:
1179 1020 1332 1103 tnataarta,
1358 1020 1392 1082 tn

492 1141 562 1209 Ps.:
587 1142 655 1208 «al.
678 1142 843 1208 tnutdta·

451 1256 592 1351 posset]
631 1269 767 1352 potest:
802 1263 843 1329 Β.
864 1261 931 1352 Pe,
953 1261 991 1347 d,
1014 1279 1048 1350 e,
1069 1262 1101 1351 f,
1121 1281 1163 1351 g,
1183 1260 1224 1347 h,
1245 1260 1285 1350 k,
1308 1263 1340 1346 1,
1360 1282 1393 1327 n·

493 1377 558 1467 (ln
578 1367 727 1474 sz’p‘t‚
748 1387 782 1451 in
802 1385 871 1475 Pg,
892 1387 920 1452 1:
940 1373 1011 1473 p'at.

452 1506 537 1574 haec
561 1498 693 1589 omnia]
715 1512 834 1574 amata
854 1507 958 1574 haec:
981 1505 1033 1572 Pl.

451 1632 532 1695 nata
561 1634 595 1695 et
624 1628 790 1714 profecta·
808 1616 906 1710 esse]
938 1631 1020 1695 nata
1048 1645 1124 1696 me
1148 1633 1185 1694 et
1209 1626 1392 1714 profecta:

495 1749 558 1817 Pk.
582 1782 621 1795 -
643 1753 686 1817 In
707 1749 768 1817 Pe.
791 1769 840 1835 pr.
861 1769 919 1816 aa:
939 1747 1108 1838 perfecta.

200 1905 227 1915 -
299 1919 305 1927 -
449 1863 590 1959 patere]
611 1878 764 1960 peteret:
786 1871 837 1938 Pe
858 1865 932 1957 (pr.
952 1862 1028 1953 m.].

451 1993 490 2060 P.
512 1985 705 2076 Quintium]
728 1992 929 2078 Qutnttam:
952 1993 1015 2061 Pla

452 2116 693 2182 sattsdaturum
709 2115 785 2181 dum
801 2106 897 2200 ipse]
912 2116 1151 2183 indicaturam
1166 2120 1287 2181 autem
1303 2116 1393 2200 lpse:

496 2238 536 2304 B.
558 2236 686 2321 Pac,
708 2237 739 2314 f,
759 2257 802 2326 g,
823 2236 863 2325 h,
884 2239 915 2324 i,
935 2238 964 2322 1,
985 2257 1017 2301 n.
1048 2268 1091 2281 -
1123 2235 1245 2302 Itidem
1267 2236 1303 2301 in
1325 2234 1394 2320 Pa,

496 2359 535 2446 d,
554 2358 651 2424 modo
674 2361 708 2423 in
730 2358 795 2425 hac
817 2364 873 2438 at,
894 2361 929 2423 in
951 2360 1009 2423 illa
1031 2363 1096 2424 ant
1117 2362 1334 2444 pra-autem.

455 2483 528 2569 pari
551 2470 766 2563 conditione]
788 2483 860 2566 part
883 2485 1042 2547 ratione:
1065 2479 1127 2548 Pb.

204 2644 229 2653 -
288 2623 308 2665 a.
327 2597 363 2685 S.
379 2603 429 2669 86.
450 2593 670 2684 conuenerit]
691 2601 1001 2678 commatrem-Pe,
1021 2600 1055 2667 k.

204 2767 230 2776 -
289 2745 310 2788 a.
454 2715 730 2810 postularentur]
749 2724 1007 2812 postularetur:
1030 2722 1073 2789 ΡΙ
1090 2716 1151 2808 (re
1173 2726 1207 2788 in
1230 2716 1365 2805 litura).

205 2890 231 2899 -
276 2866 310 2911 na.
454 2866 506 2913 me
523 2848 601 2933 poll.
619 2867 690 2912 sum
712 2835 869 2931 planum]
889 2846 971 2933 poll.
987 2865 1065 2911 snm
1079 2846 1225 2927 ptannm
1240 2865 1316 2912 me:
1338 2845 1394 2912 Pe.

456 2960 644 3048 sucturum]
663 2966 842 3051 satanam:
864 2965 935 3050 Pb,
956 2985 992 3048 a,
1014 2967 1053 3054 d,
1075 2968 1093 3032 s
1112 2956 1185 3055 (pr.
1197 2958 1283 3052 m),
1304 2989 1339 3055 g.

206 3125 232 3134 -
277 3100 310 3144 ¹³-
455 3081 632 3170 latitasse]
655 3091 836 3156 latuisset:
874 3088 933 3156 Pe.
957 3128 996 3138 -
1033 3089 1234 3156 latitasset:
1263 3090 1394 3157 caeteri

500 3208 687 3286 annnes¹⁵⁵).

457 3324 624 3413 uertisse]
652 3338 837 3399 uertisset:
869 3333 911 3396 B.
933 3331 1001 3414 Pb,
1030 3350 1065 3419 c,
1094 3331 1134 3416 d,
1162 3332 1200 3417 h,
1228 3334 1257 3418 i,
1284 3353 1317 3398 n.
1359 3337 1395 3400 ln

500 3454 562 3520 Ph.
584 3453 844 3541 interpungendi
870 3458 952 3520 nota
979 3454 1210 3543 significatur,
1242 3473 1264 3521 a
1294 3457 1394 3521 uerba

501 3574 688 3642 Dtceretnr
708 3595 828 3640 nouam
850 3578 1050 3641 sententiam
1071 3577 1236 3662 incipere.
1255 3608 1295 3620 -
1336 3597 1394 3644 ne-

502 3705 617 3765 ntsse:
640 3695 711 3762 Pm.

209 3852 236 3863 —
281 3828 315 3874 u.
334 3816 370 3904 s.
386 3819 435 3885 87.
456 3823 616 3906 reliquum
639 3808 715 3900 est]
736 3819 895 3904 reliquum
918 3838 1011 3886 esse:
1037 3818 1097 3884 Pk.

370 4117 432 4182 155)
451 4117 530 4169 Cant.
550 4131 630 4183 supra
649 4117 715 4181 Cap.
731 4118 752 4166 Ι.
766 4115 795 4180 §-
809 4119 835 4166 2.
894 4130 974 4166 neam
993 4116 1216 4178 mamutium,
1248 4122 1396 4172 ποιεῦ*

337 4212 413 4273 pta.
431 4211 458 4258 in
473 4214 546 4259 nota.
560 4208 603 4258 tt.
633 4208 762 4258 Caussnm
783 4207 837 4255 ida·
894 4207 984 4255 dicunt
1003 4205 1119 4256 lectione
1138 4207 1263 4260 abeatur.
