3112 5056
81 431 119 502 8·
132 416 174 492 2.
186 414 247 489 Dc
255 417 458 490 interdicto
469 417 516 490 de
524 420 566 490 ui
580 419 737 518 vortipori
744 442 812 492 seu
822 417 1050 517 qotottdiuno.
1065 416 1126 478 '295

120 618 205 683 ibid.
220 637 248 682 c.
269 615 321 680 80.

124 739 224 803 «Huc
246 740 332 803 eninr
354 739 570 827 intelligitur:
593 738 693 805 Unnu
715 758 759 804 ru
781 756 964 821 locinosset:
985 741 1056 803 siue
1080 757 1127 802 ex
1146 701 1218 784 :323
1254 696 1294 728 ω’

58 879 151 947 apso
170 859 245 925 ioco
260 862 332 925 siue
351 881 375 925 o
391 879 456 950 puo
478 861 568 925 ioco:
592 881 633 925 eo
656 879 856 945 susurrone:
880 859 943 924 hoc
963 862 1025 924 ium
1044 861 1125 923 sim-

59 985 168 1067 ·piex
191 986 259 1048 est:
280 986 319 1047 iu
340 1000 420 1047 urm
440 981 553 1047 locum
573 987 767 1048 restituas’
793 982 852 1046 rei.

120 1131 204 1196 idid.
220 1152 248 1197 c.
269 1130 320 1196 31.

123 1284 138 1314 ι
150 1250 222 1321 Cur
233 1271 317 1342 ergo
332 1257 391 1319 uut
404 1256 438 1317 tn
454 1253 533 1317 iliud
546 1253 770 1338 quotidianum
786 1251 1013 1336 interdictum,
1029 1248 1127 1318 Unus

61 1395 162 1440 «runs
185 1396 234 1440 un
256 1394 293 1440 rr
314 1394 460 1461 orrens,
483 1374 633 1458 additur,
655 1395 749 1450 ouon
768 1393 834 1440 roo
852 1392 1077 1460 uossrurnrn,
1098 1374 1126 1437 si

61 1496 185 1563 -deiici
207 1514 304 1561 neruo
328 1501 440 1582 potest
470 1498 524 1582 qui
554 1517 621 1561 uon
649 1494 817 1582 possidet:
849 1498 907 1560 out
931 1497 963 1559 in
986 1494 1050 1559 hoc
1073 1497 1127 1558 in-

61 1616 265 1683 ·terdietum
284 1616 327 1684 de
348 1617 533 1683 hominibus
555 1620 692 1683 armatis
713 1587 780 1681 uon
802 1614 953 1699 additur,
975 1618 1003 1680 si
1023 1633 1127 1701 opor-

62 1742 135 1805 ·tet
157 1741 292 1825 quaeri,
314 1738 503 1821 possederit
525 1731 676 1805 necne?-

119 1889 204 1955 dod.
221 1911 249 1954 c.
271 1887 321 1953 32.

122 2010 524 2097 ·1niiiuuiquotidiune
547 2029 612 2075 non
635 2014 721 2076 sutis
741 2016 810 2098 esi,
833 2030 933 2096 posse
949 2011 1070 2081 dooere
1088 2032 1125 2076 se

65 2132 266 2219 uersuum,
287 2134 349 2197 uisi
372 2133 549 2198 ostendere
570 2135 691 2219 possit,
714 2153 812 2218 quum
830 2132 1036 2218 possideret,
1058 2137 1124 2198 tum

65 2253 263 2320 ·deiectum.
304 2253 357 2319 Ne
386 2253 419 2318 id
442 2253 572 2338 quidem
600 2256 683 2319 sutis
712 2259 780 2337 est,
810 2256 872 2319 nisi
896 2253 995 2320 docet
1018 2257 1065 2320 itu
1087 2275 1124 2319 se

65 2375 302 2461 upossedisse,
331 2379 369 2440 ut
398 2393 460 2441 nec
487 2377 521 2439 ui
543 2394 606 2442 nec
628 2377 711 2442 ciem
735 2395 798 2441 neo
827 2379 980 2461 precario
1004 2394 1125 2461 posse-

65 2499 182 2564 ·derit
241 2499 353 2584 itaque
388 2501 441 2581 is,
476 2498 530 2583 qui
566 2516 603 2562 se
639 2497 827 2562 restituisse
861 2497 964 2581 dixit,
1004 2516 1125 2587 magne

66 2638 171 2687 «uoce
194 2637 299 2703 saepe
320 2618 471 2685 confiteri
493 2620 598 2699 solet,
620 2638 657 2684 se
680 2624 716 2684 ui
738 2619 922 2703 deiecisse,
945 2637 1058 2685 oeroru
1081 2621 1126 2684 ii-

64 2741 140 2806 «iud
163 2740 276 2808 sonu:
298 2738 381 2807 Nou
401 2741 619 2826 possidebat:
649 2741 702 2805 uei
726 2742 841 2825 etium,
865 2759 961 2825 quum
985 2739 1048 2807 troc
1071 2744 1126 2825 ip-

64 2884 155 2929 ·suru
178 2863 364 2948 concessit,
387 2863 490 2927 uincit
512 2865 623 2927 temen
645 2863 846 2948 sponsione,
866 2863 894 2926 si
920 2863 1051 2946 pienum
1071 2863 1126 2926 iu-

62 2987 145 3069 «eit,
174 2986 220 3050 eb
241 3003 279 3049 se
301 2984 392 3048 ilium
420 2987 477 3048 out
500 2985 532 3047 ui
561 2987 619 3048 uui
642 2984 726 3049 cium
749 2988 807 3049 uut
829 2985 981 3069 precurio
1004 3002 1126 3068 posse-

63 3108 191 3172 .disse.
242 3105 436 3187 Videtisne,
466 3108 546 3190 quot
573 3104 824 3171 defensionibus
853 3124 943 3190 eum,
972 3107 1126 3191 quisine

64 3232 187 3293 «ermis
215 3246 257 3293 uc
287 3225 494 3292 multitudine
523 3228 587 3290 uim
616 3227 753 3308 iecerit,
781 3228 828 3291 uti
857 3246 957 3312 posse
985 3229 1127 3293 maiores

63 3340 283 3415 noluerint?
305 3348 393 3414 hunc
415 3367 512 3435 uero,
534 3352 589 3434 qui
611 3351 654 3415 ab
676 3351 763 3436 iure,
785 3349 913 3433 oitieio,
935 3350 1032 3415 bonis
1052 3368 1125 3412 mo-

64 3473 178 3537 ·ribos
197 3469 241 3536 ed
257 3470 397 3554 serrum,
418 3467 462 3533 ud
484 3488 592 3557 armo,
613 3470 657 3535 ud
676 3470 811 3538 caedem
829 3473 1036 3562 contugerit,
1059 3492 1125 3536 nu-

65 3593 156 3658 ·dum
181 3595 216 3657 iu
238 3610 360 3657 cuussu
382 3591 576 3657 destitutum
598 3591 738 3677 uidetis,
767 3597 803 3658 ut
833 3595 887 3679 qui
914 3599 1062 3659 urmutus
1083 3594 1125 3658 de

67 3717 303 3799 «possessione
332 3713 563 3780 contendisset
593 3714 728 3780 inermis
757 3716 856 3799 piune
881 3714 1125 3799 desponsione

68 3840 234 3902 mederet
265 3883 273 3899 .
307 3883 315 3899 .
347 3883 356 3899 .
399 3835 529 3921 Ecquid
558 3839 716 3922 interest,
746 3841 852 3900 utrum
877 3836 939 3902 hoc
961 3836 1124 3918 additum,

69 3979 188 4046 «prum
211 3955 254 4021 A.
279 3952 433 4023 caecina
455 3959 668 4038 possederit,
692 3950 822 4022 neone?
845 3959 903 4021 rei.

122 4144 237 4213 Goion
258 4143 280 4209 1
288 4143 325 4229 V,
351 4142 420 4208 ¹5⁴.

125 4298 134 4324 ι
149 4265 418 4349 Recuperendue
438 4269 664 4349 possessionis
678 4285 799 4333 cunsso
812 4269 899 4333 soiet
913 4265 1122 4333 interdictum
