3114 5046
417 381 478 444 ¹¹0
517 378 616 483 Gap.
645 382 680 456 i.
734 378 795 455 De
820 383 907 456 iuro
932 404 1094 456 causaue
1122 377 1387 466 Quinctianae.

313 584 362 621 a·
416 568 513 652 Quod
537 591 633 657 quum
655 571 739 637 facit
760 571 894 656 cicero,
916 571 1138 636 testimonium
1160 570 1311 656 praebet,
1333 573 1485 634 nostram

416 693 503 756 iiiam
526 694 835 777 interpretationem
857 709 967 776 neque
994 689 1176 757 inauditam
1204 709 1299 776 esse,
1330 708 1485 776 nequeo

415 812 639 878 Romanorum
656 812 767 878 indoie
784 814 883 897 piane
898 814 1058 898 aiieuam3
1076 811 1166 897 quod
1181 830 1356 897 perperam
1368 811 1484 878 iacere

414 952 489 1000 eum
511 934 689 1020 confiteor,
723 953 790 998 non
812 939 930 1000 nocet:
965 951 1029 999 nec
1050 936 1136 998 enim
1158 953 1280 998 nouum
1302 936 1373 1020 est,
1397 951 1484 1019 quae

415 1057 579 1120 sermonis
606 1075 669 1120 usu
698 1060 890 1142 constant,
914 1054 958 1120 ad
986 1054 1145 1119 infinitum
1177 1052 1264 1119 haud
1292 1071 1372 1119 esse
1398 1072 1484 1138 pro-

414 1171 642 1264 trahendawi,
678 1195 786 1262 neque
815 1178 1021 1242 conueniens
1053 1193 1147 1263 esse,
1184 1176 1278 1241 uerbi
1311 1173 1484 1241 cuiusdam

416 1300 671 1385 proprietatem,
706 1317 769 1363 usu
798 1301 987 1383 receptam,
1021 1316 1063 1363 ao
1092 1298 1174 1361 iuris
1201 1314 1333 1382 quoque
1359 1297 1484 1361 rationi

414 1422 675 1485 consentaneam
696 1411 827 1503 (qualis
849 1423 901 1483 est
923 1437 1019 1504 quam
1041 1436 1144 1503 supra
1159 1408 1485 1498 demonstrauimus]

415 1538 502 1604 adeo
523 1557 647 1628 urgere
668 1543 769 1624 atque
791 1558 865 1606 eum
887 1542 1080 1624 captatione
1106 1538 1246 1625 quadam
1268 1538 1485 1624 amplificare,

414 1664 452 1724 ut
475 1665 509 1724 et
530 1663 675 1725 sermoni
697 1664 861 1727 consueto
884 1661 937 1724 uis
958 1660 1124 1725 inferatur
1152 1664 1186 1726 et
1213 1661 1392 1727 uerborum
1422 1679 1485 1728 oa-

414 1782 586 1847 uiiiatione
610 1781 695 1846 falsa
716 1782 798 1846 iuris
820 1783 907 1846 ratio
930 1781 1119 1871 effingatur.

477 1948 537 2019 Sic
571 1953 691 2041 igitur,
728 1956 765 2016 ut
798 1951 841 2018 ad
874 1955 1081 2038 propositum
1110 1953 1263 2040 redeam,
1299 1953 1383 2018 nihii
1406 1953 1485 2018 mihi

416 2075 553 2139 obstare
574 2073 727 2159 uidetur,
757 2076 931 2159 quominus
953 2077 1051 2140 etium
1073 2075 1160 2162 topia
1187 2073 1302 2141 Iuliae
1323 2075 1486 2160 supradi-

414 2197 480 2261 ctis
502 2195 615 2260 uerbis
649 2199 817 2261 «marture
843 2195 933 2260 botro
964 2214 1011 2260 επ
1039 2195 1170 2262 Edicto
1199 2201 1291 2286 eius,
1326 2202 1387 2286 put
1414 2201 1486 2262 iuri

417 2308 592 2380 «dierordo
613 2314 788 2404 praefuit,
809 2314 1023 2403 praefuerit,
1054 2336 1216 2403 porsessa
1237 2322 1485 2405 proscriptam

417 2441 542 2524 «rorat,
567 2441 715 2526 οων,
748 2440 907 2522 temporis
928 2436 1010 2502 iliud
1031 2440 1174 2522 spatium
1200 2440 1303 2505 tacite
1325 2456 1486 2525 compre-

414 2557 553 2624 hensum
575 2576 650 2623 esse
672 2575 877 2623 censeamus

478 2675 576 2759 Quod
599 2699 697 2765 quum
719 2684 859 2764 propter
880 2681 1042 2745 rationem
1069 2686 1170 2746 antea
1199 2682 1389 2766 expositam
1422 2684 1486 2747 iam

414 2819 475 2885 per
503 2794 541 2866 se
572 2802 694 2865 nuliam
724 2800 847 2866 habeat
877 2800 1110 2886 offensionem,
1146 2804 1276 2888 nescio,
1308 2821 1355 2866 an
1385 2806 1486 2868 etiam

413 2923 566 2987 consulto
589 2924 622 2984 in
656 2941 697 2986 ea
723 2923 801 3010 iege
828 2923 900 2986 siue
930 2927 1078 3007 triptota
1107 2924 1241 2988 dionem
1269 2924 1343 2988 siue
1375 2924 1487 3009 quoii-

331 3025 333 3029 *
413 3060 544 3127 cunque
566 3045 726 3125 temporis
750 3045 894 3126 spatium
924 3047 1018 3107 certo
1051 3043 1187 3108 dionem
1216 3064 1362 3109 rrumero
1395 3044 1485 3131 fiiri-

410 3169 484 3229 tom
508 3164 696 3249 omittatur,
716 3164 877 3247 pecuiiari
892 3162 1039 3227 fortasse
1054 3181 1095 3227 ea
1109 3165 1256 3248 rationo,
1279 3165 1369 3250 quod
1385 3165 1487 3230 huius

410 3284 499 3373 legis
520 3285 619 3348 latori
642 3303 749 3369 neque
771 3285 962 3349 eonstiterit
984 3302 1092 3368 neque
1118 3287 1346 3350 necessarium
1374 3289 1486 3352 uisum

411 3405 532 3492 fuerit,
568 3424 628 3490 per
658 3407 768 3469 omnio
799 3405 920 3469 Italiae
956 3406 1133 3489 municipia
1166 3407 1330 3491 similique
1365 3407 1487 3474 ordine

412 3525 536 3610 oppida
559 3527 593 3590 in
624 3526 773 3591 omnibus
803 3524 932 3590 EdIotis
961 3526 1230 3615 magistratuum,
1262 3530 1318 3613 qui
1341 3529 1406 3592 iuri
1432 3528 1488 3593 di-

446 3831 492 3888 29)
507 3829 651 3891 Propiorea
664 3829 730 3879 nihii
739 3828 833 3888 oiiioii,
845 3829 916 3892 quod
974 3829 1118 3891 dicuntur,
1149 3831 1233 3881 ueiuii
1257 3834 1284 3882 in
1308 3834 1338 3882 L.
1360 3836 1386 3885 6.
1409 3834 1440 3898 §.
1461 3837 1487 3886 ·1.

413 3918 440 3966 in
453 3917 570 3965 aiiaruur
584 3930 675 3965 rerum
689 3919 747 3966 iure
761 3916 916 3966 definiendo
974 3918 1049 3979 Quae
1069 3919 1096 3966 in
1116 3919 1185 3969 irau.
1205 3922 1280 3970 cred.
1297 3922 1377 3972 Cous.
1395 3926 1488 3975 i..1o.

412 4004 494 4053 eiiam
514 4004 604 4052 aiaiim
625 4011 684 4065 posi
700 4006 856 4054 missionem
872 4006 916 4053 bo·
974 4002 1002 4067 δ.
1023 4007 1066 4055 16.
1087 4008 1149 4056 eod.

412 4104 447 4140 ua
466 4097 492 4140 ei
512 4091 643 4151 possideri
662 4097 688 4141 ei
711 4106 833 4154 possessa
858 4107 916 4143 esse
