3114 5046
276 316 378 405 με.
431 312 1127 415 npmnnoeoeeoooooos
1176 316 1239 379 or

175 513 271 581 nodo
293 514 483 582 boterdieto
503 518 644 585 obscero
671 512 732 579 sed
759 532 802 580 ne
823 515 928 581 dettei
954 513 1086 601 quidem
1108 517 1240 601 potest,
1257 524 1389 634 m

174 637 228 722 qui
259 654 329 701 non
358 633 558 720 possederit.
612 636 693 721 lpse
729 654 832 720 supro
860 637 894 699 in
921 634 1149 701 adumbrsndo
1182 637 1239 702 iiio

173 759 262 841 iure,
283 755 374 843 quod
391 752 495 844 Gaii,
520 754 664 843 Ulpiani
677 760 952 842 coeterorumque
973 757 1240 823 iurisconsulto-

172 897 244 944 rum
265 881 457 943 nostrorum
478 881 594 944 oetoie
615 877 811 960 obtinuerit,
843 879 966 968 negaui
989 879 1162 965 quiequam
1185 881 1241 943 in-

173 1005 322 1085 teresse,
353 1001 482 1066 eiectus
510 998 733 1085 detrususque
761 1001 806 1065 sit
835 1016 1016 1085 possessor
1040 1018 1084 1066 sn
1114 1001 1242 1066 intrsre

174 1140 271 1208 quum
294 1121 398 1186 ueiiet
421 1118 608 1207 prohibitus
621 1117 658 1195 ³).

232 1242 530 1309 Verumenimuero
552 1262 617 1329 quo
635 1244 708 1308 iure
734 1245 802 1307 tum
825 1243 1023 1328 utebantur,
1045 1262 1141 1328 quum
1156 1240 1242 1310 bueo

173 1366 263 1431 iuter
284 1360 479 1430 Caecinam
499 1367 533 1430 et
553 1359 745 1430 Aebutium
766 1380 887 1430 esusss
907 1367 1069 1452 ageretur
1078 1357 1119 1443 ⁴),
1141 1364 1241 1430 telem

174 1488 315 1553 testimo
342 1484 430 1552 beno
451 1482 594 1552 Ponto
621 1484 851 1551 detonsionem
877 1485 1001 1570 iuisse,
1033 1488 1070 1550 ut
1096 1489 1155 1550 oni
1177 1485 1242 1553 inse

174 1611 230 1674 sut
259 1608 328 1675 siis
354 1608 447 1674 nolio
470 1603 627 1674 Coccina
654 1609 856 1674 uinceretur.
909 1604 1129 1688 Quamobrem
1159 1607 1242 1672 nihii

177 1730 344 1815 ntiquim
364 1730 462 1795 nobis
483 1730 564 1813 erit,
590 1748 686 1815 quom
707 1732 744 1794 ut
770 1728 1041 1817 diligentissime,
1073 1725 1151 1814 quid
1176 1746 1241 1794 us·

179 1851 242 1918 ieet
264 1870 306 1918 es
327 1850 502 1936 detonsio,
525 1852 748 1937 exploremus.

237 2006 314 2092 Quo
340 2012 416 2077 ioeo
440 2007 578 2076 Mitem
606 2007 775 2076 reiutondi
804 2027 926 2076 esusse
955 2026 1028 2076 eum
1050 2006 1116 2074 siis
1137 2008 1241 2074 multe

186 2137 242 2197 tum
262 2130 348 2199 bueo
369 2132 508 2217 protulit
523 2126 568 2205 ‘):

239 2251 416 2319 ..Nondum
438 2250 481 2317 de
504 2247 681 2317 Gaeotnoe
702 2269 822 2318 osusse
843 2250 997 2336 disputo,
1030 2251 1175 2317 nondum
1197 2250 1240 2318 de

231 2377 333 2451 ,sture
347 2374 574 2459 possessionis
589 2375 726 2438 nostroe
741 2373 873 2458 loquor:
896 2376 1023 2438 tentum
1039 2372 1082 2438 de
1103 2376 1162 2439 tuo
1176 2372 1240 2439 de-

241 2496 433 2577 ·iensione,
457 2490 497 2560 0.
518 2492 614 2577 Piso,
636 2513 768 2580 queror.
810 2491 953 2575 Quando
975 2496 1023 2559 ite
1042 2492 1127 2560 dieis
1140 2498 1175 2559 et
1190 2497 1239 2560 iio

242 2617 459 2685 «eonstituis2
481 2610 520 2683 Si
538 2616 702 2700 Caecina,
725 2635 822 2702 quum
846 2617 879 2680 in
901 2615 1007 2680 fundo
1029 2619 1139 2698 esset,
1160 2614 1238 2681 inde

243 2738 414 2806 deiectus
435 2747 544 2820 esset,
576 2741 646 2802 tum
673 2755 734 2824 per
763 2737 826 2804 boe
848 2735 1060 2803 interdictum
1083 2754 1156 2801 eum
1177 2754 1237 2801 re-

243 2863 355 2926 ·stiiui
378 2862 588 2945 oportuisse:
621 2878 711 2926 nuno
733 2877 813 2924 uero
836 2858 998 2924 deiectum
1026 2855 1237 2922 nullomodo

243 3003 340 3051 1osse
371 2981 468 3066 inde,
501 2983 557 3047 ubi
588 2999 655 3045 non
689 2980 811 3067 iuerit;
846 2980 911 3048 iroo
939 2978 1124 3045 inderdioto
1155 2977 1238 3044 nihii

242 3124 325 3171 «nos
352 3106 531 3171 assecutos
558 3120 651 3169 esse:
684 3121 826 3187 quaero,
858 3104 886 3166 si
918 3104 953 3167 te
980 3100 1079 3166 nodie
1107 3099 1237 3165 domum

242 3230 354 3292 «tuom
392 3224 586 3292 redeuntem
618 3226 729 3291 eoooti
768 3223 917 3288 homines
952 3226 987 3288 et
1018 3226 1136 3288 mmet!
1168 3241 1237 3287 non

241 3346 358 3413 modo
387 3347 500 3413 iimine
528 3349 686 3431 tectoque
713 3342 843 3410 sedium
865 3348 1012 3426 tuorum,
1041 3342 1102 3410 sed
1132 3346 1237 3429 primo

240 3469 354 3535 ueditn
373 3469 607 3553 uestibuloqoe
627 3465 870 3552 prohibuerint,
897 3465 974 3552 quid
995 3468 1134 3533 acturus
1154 3470 1234 3532 sis·

239 3586 323 3672 ond
353 3590 542 3676 putabimus
570 3589 726 3655 babuisse
747 3585 928 3675 Pisonem,
962 3586 1051 3673 quod
1079 3587 1122 3653 ed
1153 3588 1236 3656 boec
1254 3604 1382 3701 unffi.

195 3702 425 3796 responderet?
1339 3673 1351 3699 ⁵
1384 3688 1389 3699 ⁵

219 3892 326 3963 bisuprs
334 3912 363 3963 p.
373 3898 435 3950 313.
446 3898 540 3961 ibique
557 3904 619 3950 noto
628 3897 675 3948 33.
732 3897 811 3946 duest
831 3901 908 3944 octor
923 3908 1011 3945 meos.
1062 3896 1130 3950 vids
1154 3911 1236 3961 supro

218 3980 239 4047 i)
254 3986 411 4040 Tenendum
425 3993 481 4049 est,
506 3987 579 4052 quod
597 3992 674 4038 entes
731 3999 760 4049 p.
771 3984 833 4035 ³26.
848 3991 875 4035 et
889 3996 916 4045 p.
931 3983 993 4034 337.
1007 3998 1065 4049 seq.

197 4076 365 4137 ettrouimus,
404 4078 432 4127 io
455 4076 507 4127 boe
533 4076 675 4127 interdicto
766 4071 936 4138 5)erp.12

197 4154 346 4217 'iiudieium
365 4178 417 4216 uon
440 4167 561 4225 uenisse,
588 4176 676 4227 posu-
