3114 5046
359 381 396 458 ς.
423 370 463 442 5.
517 367 578 442 De
603 368 839 469 Aryamcntc
865 374 1060 445 amicata.
1179 367 1241 431 615

181 551 366 635 petranertt
376 544 439 635 1*);
466 549 588 634 quippe
610 548 694 615 haec
717 549 809 634 iacta
830 567 925 636 esse,
957 550 1135 635 quinetiam
1164 554 1405 636 postulamur:

180 690 290 742 casam
324 672 411 737 illam
442 673 611 738 incensam
645 676 679 736 et
708 671 768 737 rcl.
797 671 906 756 iacta,
936 674 1025 739 inter
1052 672 1243 761 litigatores
1265 636 1316 668 Μ’

179 795 338 861 conuenit
349 789 408 876 ’ὓς
430 796 464 858 at
487 791 569 858 illud
590 793 729 858 maxime
751 796 937 879 quaeritur,
958 812 1001 859 an
1023 795 1134 879 aliqua
1156 793 1241 859 'lul-

178 916 341 981 llanurum
362 909 461 999 culpa
482 916 719 997 antecesserit,
749 917 889 999 propter
911 933 1007 1000 quam
1028 914 1242 982 ulciscendae

178 1034 461 1121 propellendaeue
489 1035 627 1100 iniuriae
656 1052 794 1117 caussa,
823 1035 966 1121 denique
996 1053 1069 1100 cum
1095 1054 1241 1103 excusa·
1288 1017 1290 1020 ⁵

178 1159 270 1222 tione
292 1155 433 1243 quadam
454 1157 526 1220 siue
547 1155 632 1221 adeo
655 1174 698 1222 ex
720 1157 809 1222 iusta
833 1174 956 1222 caussa
977 1157 1069 1223 facta
1090 1174 1165 1222 esse
1186 1159 1241 1221 ui-

177 1277 353 1344 derentur:
375 1278 571 1343 tutissimum
592 1279 697 1365 igitur
718 1280 808 1343 inre
836 1277 1003 1343 narranda
1024 1275 1179 1345 ciceroni
1200 1296 1241 1344 ac

177 1416 286 1485 paene
307 1400 532 1465 necessarium
547 1399 627 1481 luit,
649 1401 742 1484 prius
763 1398 949 1466 incendium
973 1399 1102 1465 illudet
1123 1399 1257 1474 similia¹

175 1519 219 1587 ad
257 1538 399 1588 caussae
438 1539 520 1587 suae
557 1521 734 1586 utilitatem
769 1539 842 1587 cum
878 1522 989 1606 aliqua
1024 1512 1138 1603 specle
1169 1523 1239 1586 ueri

175 1640 443 1724 accommodare,
470 1644 520 1707 sic
549 1641 677 1707 demum
705 1640 749 1706 ad
775 1643 883 1727 ipsum
904 1642 1075 1708 Fabianae
1096 1634 1240 1707 familiae

175 1763 326 1849 facinus,
348 1762 390 1829 de
412 1782 478 1849 quo
500 1761 655 1828 iudicium
676 1764 750 1828 erat
771 1765 1003 1847 constitutum,
1025 1763 1198 1829 accedere.
1223 1789 1228 1798 ’

238 1884 335 1952 llaec
363 1885 436 1950 iere
452 1883 564 1961 ,habui
590 1882 632 1949 de
654 1885 816 1949 orationis
838 1887 1035 1972 argumento
1070 1901 1155 1968 quae
1185 1883 1240 1949 dt-

174 2023 296 2073 cerem.

207 2233 254 2301 1⁴)
274 2233 326 2300 58.
344 2235 389 2287 tt.
408 2236 470 2293 22,
500 2237 597 2302 quibua
615 2237 677 2298 illa,
735 2237 826 2300 tama)
853 2235 998 2298 labantur,
1028 2237 1111 2290 ueluti
1134 2237 1237 2302 praala-

174 2333 245 2386 quae
262 2320 484 2387 tnsssdd-to.
503 2320 677 2388 (tudanum-
735 2327 814 2376 uonta
834 2323 893 2375 locu
910 2331 982 2376 aaut.
1168 2322 1171 2328 '

173 2412 212 2466 tle
238 2410 374 2464 «Addaoit
395 2414 443 2466 tata
460 2415 560 2467 lateran
578 2416 607 2466 ta
624 2413 677 2466 tal
768 2411 813 2478 15)
832 2410 884 2478 55.
905 2416 931 2465 t.
950 2413 978 2465 ὓ.
