3114 5046
335 393 376 454 ¹⁴
428 389 523 490 Cap.
552 391 585 464 1.
637 389 698 465 De
722 394 808 467 iure
834 414 993 466 consone
1022 390 1285 477 Quinctianae.

164 582 308 687 ,πέζῃ
332 579 570 646 aestimandum
585 585 654 661 est,
669 579 756 666 quod
772 581 805 644 in
819 579 1014 666 supradicta
1027 575 1063 663 S.
1077 578 1128 643 94.
1141 580 1184 646 ib.
1198 582 1293 665 quasi
1309 598 1395 666 pro-

165 696 307 792 fgitss‘*
333 688 437 787 prium
454 701 698 786 praeiudiciolis
712 704 904 787 sponsionis
917 720 993 768 esse
1008 700 1215 777 declaratur,
1236 707 1394 789 restipu-

331 824 499 889 lationem
519 819 715 897 eeeaure¹⁶).

394 943 448 1008 llx
464 944 583 1029 quibus
598 946 749 1011 omnibus
758 945 858 1011 incile
872 948 1024 1030 apparet,
1040 946 1185 1009 innmom
1200 946 1289 1013 illum
1303 948 1395 1011 inter

330 1067 542 1150 sponsionem
558 1070 593 1132 et
606 1067 893 1152 restipulationem
910 1067 1176 1132 coniunctionem
1196 1067 1394 1148 obtinuisse,

331 1204 427 1271 quam
448 1206 567 1272 supro,
588 1188 687 1253 eiiam
708 1189 868 1272 aequitati
885 1188 1024 1253 maxime
1038 1189 1229 1270 conuenire,
1246 1189 1393 1272 praeisti

330 1300 499 1387 snmns¹⁷).

171 1425 310 1521 fimi*
392 1428 500 1493 Porro
523 1428 751 1515 praeindicinli
774 1447 904 1516 qnoque
922 1430 1137 1514 sponsionum
1150 1431 1269 1518 generi
1284 1434 1319 1494 in
1339 1432 1395 1495 iu-

329 1549 523 1616 risdictione
549 1550 738 1617 exercenda
759 1552 867 1617 locum
893 1550 1099 1636 officiumque
1120 1551 1241 1632 fuisse,
1270 1552 1393 1618 illustri

328 1671 387 1735 illo
401 1671 475 1737 Gaii
494 1672 700 1757 testimonio,
721 1670 810 1757 qnod
825 1672 937 1756 paullo
952 1676 1053 1738 anien
1068 1675 1208 1738 recitaui
1217 1668 1266 1755 ¹⁸),
1282 1676 1393 1740 mani-

328 1791 541 1858 festissimum
564 1798 626 1857 esi.

391 1915 510 1999 linque
542 1917 615 1978 tota
646 1933 703 1978 res
733 1913 777 1978 od
807 1931 905 1977 unam
929 1914 1017 1978 illam
1039 1918 1265 2000 quaestionem
1285 1916 1394 2005 redii,

329 2056 425 2122 quum
446 2054 550 2119 snpra
573 2036 756 2121 posuimus,
777 2034 932 2101 uidelicet
951 2039 1059 2101 uirum
1082 2056 1192 2126 genus
1213 2035 1395 2123 dequibus

328 2159 457 2224 caussis
478 2157 649 2241 potissime
670 2158 704 2220 in
725 2176 789 2220 usn
810 2156 921 2221 suerii

391 2276 494 2345 Cuius
520 2279 570 2342 rei
599 2279 730 2342 iameisi
752 2295 890 2361 uereor,
921 2280 958 2342 ni
987 2280 1112 2344 ceriam
1137 2280 1393 2366 absolutumque

330 2399 552 2464 Romanorum
568 2400 730 2464 rationem
742 2398 911 2463 ualeamus
925 2400 1102 2481 extricare,
1118 2404 1229 2465 tamen
1244 2403 1393 2489 uestigia

329 2519 491 2605 quaedam
504 2537 670 2605 apparere
683 2518 782 2585 uideo
797 2520 1032 2586 obseruatione
1046 2520 1166 2609 digna,
1180 2520 1224 2587 nd
1238 2526 1399 2610 cogniti-·

329 2660 425 2707 onem
446 2642 551 2706 utilia.

389 2762 546 2829 Nimirum
581 2767 618 2827 ut
654 2764 741 2828 ultro
769 2762 968 2848 concedam,
1002 2782 1088 2850 qnae
1115 2782 1219 2849 supra
1243 2763 1392 2832 indicaui

327 2886 493 2951 actionum
519 2903 665 2973 genera,
691 2886 887 2969 poenalibus
908 2885 1145 2969 sponsionibus
1166 2887 1334 2952 instructa
1356 2891 1392 2952 et

327 3007 462 3090 munita,
472 3007 604 3070 nonnisi
615 3008 838 3090 exemplorum
850 3008 925 3072 loeo
937 3007 1034 3072 nobis
1046 3005 1169 3071 tradiiu
1180 3025 1267 3094 esse,
1282 3026 1392 3094 neque

328 3128 422 3212 quasi
443 3126 535 3190 finito
550 3127 607 3190 illo
623 3145 757 3191 numero
774 3128 962 3191 uniuersum
975 3129 1159 3213 poenalium
1173 3130 1393 3213 sponsionum

328 3267 422 3311 usum
436 3248 661 3313 circumscribi
676 3264 784 3333 neque
795 3247 962 3333 concludi3
978 3251 1035 3312 nix
1049 3247 1284 3335 nomenmodo,
1299 3269 1397 3316 mero·

329 3385 410 3434 casu
432 3367 518 3443 fieri,
539 3369 677 3453 primum
698 3372 736 3432 ui
750 3367 793 3432 nd
807 3371 1069 3436 aestimationem
1084 3375 1137 3435 rei
1151 3378 1195 3435 u'e
1209 3371 1300 3456 titia,
1326 3390 1393 3457 qna

329 3487 372 3554 de
393 3492 516 3578 agitur,
536 3491 729 3575 sponsionis
750 3508 874 3555 summa
895 3491 1016 3576 ubique
1031 3491 1208 3572 referatur,
1229 3495 1394 3578 certaque

330 3785 611 3849 «pnsstnbuipocnoe
618 3787 731 3846 nomine,
745 3798 832 3849 eoquo
921 3786 967 3845 lo)
986 3787 1073 3838 Verba
1086 3786 1113 3836 ἀ.
1124 3783 1177 3848 §rii
1192 3787 1236 3838 ab.
1251 3801 1335 3851 supra
1348 3802 1394 3840 ex«

330 3873 832 3937 «inpublicumeedabsbpraedesque
886 3874 961 3924 bibui
980 3890 1007 3939 p.
1021 3877 1064 3924 ii.

330 3975 387 4012 seo
408 3963 519 4013 nomine
543 3962 664 4011 Praetori
682 3962 829 4020 dnbautun
921 3963 967 4024 17)
980 3965 1109 4013 limmem
1120 3961 1138 4010 i.
1153 3975 1179 4011 e.
1191 3978 1218 4026 p.
1232 3963 1293 4013 170.
1309 3966 1392 4024 licia,

330 4064 409 4101 «nou
423 4057 453 4100 ui
467 4064 539 4099 noue
552 4051 706 4112 sponsionis
717 4057 744 4101 ot
756 4052 831 4100 resti·
887 4049 915 4099 (l.
929 4050 1006 4100 litim.
1019 4051 1090 4099 Prin.
1102 4050 1149 4108 io,
1164 4065 1189 4113 p.
1199 4050 1262 4101 too.
1273 4051 1396 4104 {iacebis

331 4139 501 4203 epulationis
513 4151 601 4201 poena
613 4139 689 4188 luero
702 4139 773 4190 cadit
785 4141 830 4190 sd·
887 4138 920 4188 tls
938 4153 1033 4189 caussa
1052 4139 1153 4187 Siliam
1173 4154 1199 4202 p.
1213 4140 1240 4189 e.

332 4230 485 4288 summit,
504 4228 550 4291 qni
570 4228 692 4278 uicerit.»
922 4229 965 4284 nn
985 4228 1050 4277 vido
1067 4239 1149 4289 snpra
1169 4243 1196 4290 p.
1211 4229 1253 4278 il.
