3114 5046
292 375 355 472 tut
395 370 489 474 Cap.
506 373 542 447 1.
595 370 657 446 De
680 375 765 447 iore
792 394 953 447 caussae
981 368 1251 447 Goeoirrionue.

168 575 249 672 ,m
291 574 456 656 expositis
477 590 518 639 ac
540 570 757 655 confirmatis,
786 589 884 655 quum
914 569 956 635 ad
985 586 1138 636 caussam
1165 568 1357 636 detenden-

291 692 366 760 dam
388 694 597 767 transiisset,
620 691 698 777 quid
720 682 823 781 egit?

361 812 551 880 Verborum
583 813 837 903 diligentissime
865 813 1027 878 rationem
1057 810 1357 902 significationem-

292 953 356 1020 que
378 937 556 1020 exposuit3
577 934 655 1020 quid
677 935 830 1001 ualerent
852 933 957 999 uerba
977 933 1144 1023 deiicere,
1165 935 1279 1024 arride,
1302 953 1356 1021 eo,

291 1057 521 1141 copiosissime
546 1056 680 1141 planum
711 1055 807 1138 iecit,
839 1058 941 1140 atque
968 1054 1033 1121 hac
1061 1048 1158 1141 par'te
1185 1057 1357 1137 omnibus,

291 1183 329 1243 ut
351 1179 492 1264 opinor,
514 1196 666 1243 caussam
690 1171 866 1242 Caecinae
888 1178 1054 1260 probauit.
1098 1174 1187 1258 Quid
1209 1177 1254 1243 ab
1276 1195 1356 1242 sen-

292 1301 409 1386 tentia,
430 1300 473 1365 ab
487 1299 674 1384 aequitate,
696 1297 739 1364 ab
752 1299 898 1363 utilitate
920 1289 1119 1365 interdicti?
1139 1297 1232 1364 Nihil
1250 1300 1357 1364 omni-

291 1440 337 1487 no
352 1421 492 1504 protulit
511 1420 601 1505 ipse,
623 1420 802 1506 quinetiam
817 1439 901 1505 quae
919 1419 1134 1486 aduersarius
1149 1438 1194 1484 ex
1208 1419 1275 1487 boe
1294 1439 1357 1509 ge·

265 1581 268 1589 ·
293 1559 373 1608 nere
389 1541 610 1626 disseruerat,
632 1542 765 1607 silentio
789 1543 965 1627 praeteriit
986 1541 1208 1627 consultoque
1229 1542 1357 1606 uitauit.

355 1661 402 1728 Ut
425 1665 458 1728 tn
481 1680 589 1747 pauca
611 1662 799 1751 conteram,
821 1663 960 1728 alteram
983 1660 1228 1747 interpretandi
1251 1664 1355 1728 ratio-

293 1801 368 1850 nem
403 1783 541 1850 Tollius
573 1782 834 1866 commendauit,
865 1784 1005 1849 alteram
1038 1788 1178 1850 secutus
1210 1788 1285 1850 est:
1320 1803 1354 1849 eo

293 1906 433 1973 consilio
456 1904 545 1992 qood
566 1924 699 1988 uerum,
732 1903 821 1990 quod
843 1911 986 1988 rectum,
1019 1904 1107 1990 quod
1137 1904 1282 1972 euidens
1303 1924 1353 1970 es-

292 2030 365 2112 set,
400 2033 563 2112 acinoque
585 2044 726 2094 caussae
745 2045 827 2093 suae
849 2028 1074 2112 comparauit:
1111 2029 1221 2111 ipsum
1250 2030 1352 2093 auten

293 2148 465 2215 artificium
495 2147 679 2213 admirabili
712 2148 829 2214 orandi
862 2150 1002 2215 oonsilio
1034 2150 1251 2235 astutiaque,
1288 2148 1350 2213 ior·

292 2274 385 2336 tasse
408 2270 506 2334 etiam
529 2268 721 2355 quibusdam
743 2271 926 2336 aduersarii
948 2273 1040 2336 uitiis
1062 2273 1094 2335 in
1118 2271 1247 2336 lucrum
1276 2290 1348 2337 oon·

293 2391 422 2471 uersis,
444 2391 530 2456 texit
550 2394 652 2475 atque
674 2389 877 2457 audientium
899 2394 1017 2457 animis
1036 2392 1218 2458 subtraxit.

358 2622 538 2689 Videamus
559 2642 664 2702 nunc,
688 2623 765 2708 quid
788 2623 830 2690 de
853 2625 916 2690 hae
939 2624 1145 2690 defensionis
1167 2632 1268 2710 parte
1290 2622 1359 2693 Viri

294 2745 385 2812 docti
406 2747 596 2811 statuerint.

357 2866 487 2954 Atque,
509 2872 546 2932 ut
561 2869 604 2933 ab
619 2868 859 2953 antiquioribus
881 2870 946 2934 iliis
968 2870 1137 2952 incipiam,
1161 2873 1218 2955 qui
1242 2871 1369 2936 rbeto·

293 2992 363 3055 rice
379 2990 486 3077 magis
505 3007 599 3074 qnam
620 3008 660 3054 ex
681 2991 752 3053 iure
777 2989 865 3053 ciuili
884 2988 992 3054 dbrttit
1011 2992 1183 3055 orationes
1206 2992 1368 3057 illustra·

293 3114 430 3196 uerunt,
452 3112 576 3195 primus
595 3106 799 3195 (implicitus
821 3130 888 3174 non
912 3110 1075 3176 dubitauit
1098 3114 1129 3176 ei
1152 3111 1365 3198 disputatio-

292 3233 347 3315 ni,
377 3250 463 3318 quae
484 3250 504 3296 a
527 3235 637 3315 capite
660 3230 712 3295 23.
735 3233 866 3318 incipit,
887 3232 980 3298 bisce
1003 3234 1115 3298 uerbis
1139 3234 1361 3317 praeludere:

358 3353 516 3417 «Transit
544 3352 587 3416 ad
613 3348 752 3417 Pisonis
783 3352 1093 3438 reprehensionem,
1127 3356 1269 3440 eiusque
1298 3356 1356 3421 de·

358 3473 564 3539 «tensionem
581 3472 775 3563 triformem,
798 3479 1038 3563 rraepotortom,
1060 3494 1178 3541 scetem
1192 3492 1350 3564 papaten·

357 3600 451 3659 «tem
483 3600 519 3659 et
544 3594 650 3681 plotae
678 3595 794 3661 alteim
823 3602 997 3684 tempore,
1030 3601 1065 3661 et
1096 3605 1223 3663 contro
1258 3612 1346 3689 paon

357 3734 528 3782 «caussae
555 3716 694 3781 utititas
719 3717 894 3805 postolat,
930 3722 1152 3807 institutum,
1193 3723 1228 3785 in
1251 3722 1344 3787 odiuu

355 3838 468 3921 «rapit
489 3842 591 3921 atque
612 3839 925 3921 contemptionemi

353 3960 392 4021 ln
415 3958 529 4023 eadem
552 3960 721 4023 sententia
742 3958 913 4024 Latomiae
936 3961 1039 4026 inisse
1063 3961 1207 4028 uidetur.

352 4078 478 4143 Contra
501 4077 708 4146 Pellitortoc
730 4080 771 4144 ad
795 4083 980 4164 exemptum
1004 4084 1085 4147 iliud
1112 4084 1243 4153 Traditi.
1274 4087 1353 4173 quod

290 4219 308 4265 c
331 4200 441 4285 capito
465 4197 514 4259 12.
538 4202 727 4284 retulimus,
749 4202 800 4266 sic
821 4201 1015 4267 aitootauit:
