3114 5046
1113 325 1149 370 ΙΧ

83 489 154 540 cum
174 465 352 538 rationem
375 470 444 535 tum
470 460 784 562 disceptationem,
812 467 954 541 nimium
978 491 1148 560 curasse3

80 623 167 698 alios
193 645 309 715 uero,
338 646 443 721 quum
467 623 614 698 criticas
647 646 753 699 curas
784 626 866 699 istis
898 625 1047 702 mallent
1077 627 1149 703 (le-

79 781 228 882 legare‚
266 781 546 857 commentarios
586 784 840 882 composuisse
875 782 985 859 ualde
1024 784 1147 861 utiles.

78 940 206 1041 Neque
234 964 282 1017 ea
306 965 384 1016 sum
410 942 642 1040 arrogantia,
678 949 719 1014 nt
744 941 877 1016 talibus
904 945 992 1017 uiris
1019 943 1149 1019 detra-

79 1099 161 1176 here
190 1099 303 1176 uelim
333 1108 394 1174 aut
424 1101 529 1174 iustis
561 1122 685 1176 eornm
715 1100 885 1175 laudibus
917 1102 1145 1180 obtrectare:

79 1263 178 1336 inmo
210 1284 383 1334 summum
416 1259 572 1334 arbitror
607 1257 782 1336 honorem
820 1262 866 1334 iis
900 1283 956 1336 me
986 1259 1145 1353 habere,

79 1444 177 1517 quum
209 1418 353 1509 fatcor,
391 1440 484 1518 quae
517 1418 713 1518 separatim
751 1428 904 1519 possunt
943 1423 1144 1520 praestari,

80 1600 119 1651 ea
139 1577 239 1653 adeo
261 1577 429 1678 perfecta
450 1577 497 1652 ab
517 1576 593 1651 illis
617 1599 705 1652 esse
723 1585 762 1651 et
779 1578 972 1670 absoluta,
1001 1578 1145 1678 utquid

81 1739 158 1811 noui
185 1736 374 1828 adiiciam,
406 1739 478 1810 nisi
503 1760 600 1811 nouo
625 1736 747 1837 aliqua
772 1736 973 1814 studiorum
999 1740 1145 1813 ratione

80 1897 160 1969 inita
186 1898 252 1969 uix
279 1898 442 1970 inuenire
468 1898 626 1997 possim:
654 1918 735 1971 eam
761 1898 872 1996 igitur
896 1895 1145 1997 coniungendi

81 2056 191 2131 critici
223 2054 362 2130 laboris
400 2078 480 2132 cum
511 2056 600 2129 iuris
622 2053 898 2157 ⁶disceptatione
933 2063 994 2129 aut
1027 2055 1145 2130 solam

79 2224 134 2288 ant
161 2238 327 2315 magnam
361 2224 464 2291 certe
494 2213 578 2288 mihi
608 2237 774 2292 caussam
804 2214 932 2288 fuisse.
997 2213 1145 2290 Nouam

77 2366 191 2449 autem
228 2373 315 2451 dico
353 2373 447 2451 hanc
486 2372 686 2448 studiorum
724 2374 919 2464 rationem,
963 2395 1035 2447 non
1072 2396 1143 2472 quo

77 2533 234 2608 inaudita
265 2536 315 2606 sit
349 2542 456 2632 atque
491 2534 645 2608 omnium
677 2531 857 2608 hominum
890 2554 912 2604 a
942 2553 999 2605 me
1029 2535 1145 2633 primo

77 2694 245 2784 inuenta3
276 2691 348 2768 sed
373 2695 487 2767 minus
514 2700 632 2767 tamen
663 2700 721 2767 est
750 2692 883 2765 usitata
917 2684 1025 2791 atque
1057 2688 1145 2765 inde

79 2852 120 2926 ab
145 2853 361 2927 Hotomono
388 2876 410 2925 a
431 2854 556 2953 paucis
578 2861 767 2953 usurpata,
795 2848 990 2925 dummodo
1010 2858 1143 2925 tenea-

79 3023 152 3100 tur,
182 3033 265 3105 me,
297 3036 404 3112 quum
432 3014 487 3086 rei
519 3014 669 3089 criticae
700 3033 848 3113 operam
878 3008 968 3084 dare
1000 3009 1142 3085 consti·

82 3180 236 3263 merem,
276 3195 347 3246 non
378 3170 495 3247 solum
525 3171 574 3246 de
604 3169 742 3246 iudicio
773 3166 987 3245 exercendo
1020 3191 1145 3243 uemm

84 3333 182 3403 etiam
218 3330 267 3405 (le
307 3340 480 3432 apparatu
514 3329 684 3405 librorum
719 3337 791 3402 tam
824 3329 1144 3429 manuscriptorum

85 3513 178 3585 quam
203 3493 460 3592 impressorum
480 3488 728 3589 conquirendo
747 3487 1043 3587 excutiendoque
1060 3484 1145 3560 mihi

87 3653 326 3750 proposuisse.

156 3882 276 3983 Atque
300 3883 349 3959 de
372 3882 571 3958 studiorum
589 3883 733 3981 quidem
750 3885 891 3958 ratione
909 3884 1011 3955 satis.
1067 3879 1143 3955 Se·

90 4045 194 4136 spuitur
216 4056 253 4119 ut
280 4044 331 4118 de
360 4043 546 4119 scribendi
574 4045 738 4118 instituto
767 4045 936 4143 aperiam.
