3114 5046
157 335 195 410 S·
222 321 264 394 5·
319 317 500 420 Defensio
527 319 617 395 Noa
641 322 759 395 deieci
782 321 850 395 aad
871 322 1005 397 obstiti.
1057 320 1117 383 391

119 517 253 607 Quippe
275 540 347 587 eam
369 539 539 605 caussam,
561 519 734 585 dummodo
758 521 828 586 bac·
843 525 939 604 parte
955 522 1121 606 probare-
1152 527 1263 625 2:322·

57 645 126 724 tar,
162 644 228 707 atta
257 644 347 707 nulia
371 661 574 729 magnopere
597 644 791 727 laborasse,
826 645 943 728 partim
966 640 1120 709 docuisse

57 764 130 827 nihi
154 762 290 844 uideor,
314 767 432 848 partim
455 765 596 829 inferius
617 766 803 848 apparebit.
1084 758 1089 765 ’

117 881 334 969 Superiorem
372 889 481 951 autem
515 884 712 951 discessisse
743 879 950 974 Caecinam,
993 889 1119 952 certum

55 1005 188 1093 quidem
210 1011 379 1073 auctorem
404 1008 526 1072 notiam
550 1008 668 1092 babet,
697 1011 734 1072 at
762 1005 878 1071 eadem
900 1008 957 1071 iila
979 1009 1121 1091 ratione,

54 1147 151 1212 quam
184 1131 219 1192 in
250 1127 466 1212 Qratrtctiaaa
495 1128 721 1195 demonstrant
738 1123 793 1208 ¹⁶),
830 1128 988 1194 credibile
1010 1134 1063 1195 cst
1086 1133 1121 1195 et

54 1268 73 1314 a
96 1252 307 1316 nostratibus
328 1253 500 1337 plerisque
521 1270 653 1336 semper
674 1250 846 1318 creditum.

115 1409 216 1476 Nunc
251 1413 469 1495 posteaquam
506 1412 593 1475 iliam
629 1410 858 1476 defensionem
891 1408 974 1478 Noa
1010 1411 1121 1476 deieci
1139 1424 1260 1521 acapnum

55 1532 114 1597 sed
143 1530 284 1621 obstiti,
322 1551 387 1618 quo
418 1534 489 1596 iure
520 1533 637 1619 suerit,
674 1533 926 1618 perpendimus,
965 1536 1121 1618 superest
1153 1494 1246 1590 3:2¹⁶?

56 1651 181 1739 duplex
218 1652 379 1738 quaedam
417 1653 659 1739 consideratio,
697 1674 783 1739 quae
816 1658 934 1740 partim
967 1653 1010 1719 ad
1047 1674 1121 1721 rem

56 1779 190 1860 pastam
212 1777 377 1862 pertinet,
400 1777 517 1859 partim
542 1777 574 1839 in
597 1775 712 1841 uerbis
734 1776 940 1865 quibasdam
958 1778 1121 1841 orationis

57 1898 288 1982 certorumque
316 1897 464 1963 locorum
498 1898 643 1962 tectione
665 1896 885 1963 examinanda
908 1899 1120 1963 constituen-

58 2016 162 2105 daque
186 2022 352 2083 dematur.

59 2297 248 2383 docuimus,
283 2299 419 2365 tandum
443 2303 572 2366 nemine
594 2302 848 2367 contradicente
875 2306 941 2365 tum
965 2299 1121 2385 posside·
1139 2305 1248 2345 *aab*

61 2421 126 2507 bat,
160 2440 248 2507 quae
270 2440 391 2488 caussa
413 2425 442 2485 ei
467 2422 545 2504 tuit,
578 2441 637 2488 cur
662 2419 853 2487 Caecinam
876 2441 948 2486 cum
971 2421 1121 2488 aduoca-

59 2545 144 2608 tione
167 2545 346 2609 amicorum
368 2544 417 2608 ad
437 2548 492 2609 ias
521 2543 784 2631 celebrandam,
814 2540 844 2606 b.
868 2561 896 2607 e·
921 2547 958 2606 ut
979 2544 1022 2608 ab
1043 2539 1120 2607 Ae-

59 2662 149 2731 iutto
170 2666 319 2730 maribus
342 2663 581 2745 deduceretur,
612 2683 655 2730 ex
678 2667 864 2730 constituto
887 2664 1120 2732 aduenientem

58 2788 149 2852 tanta
183 2804 266 2852 cura
304 2786 457 2871 adeoque
490 2789 625 2853 summis
662 2789 788 2852 uiribus
825 2785 960 2851 fundam
992 2788 1120 2853 intrare

57 2908 265 2995 prohiberet,
301 2927 440 2993 eumque
475 2911 507 2973 ui
541 2908 726 2973 bominibus
758 2911 886 2974 coactis
918 2911 1120 2994 armatisque

57 3027 259 3116 depelleret,
280 3034 469 3115 auerteret,
491 3022 655 3120 fugaret?

111 3153 220 3220 Cuius
249 3155 298 3218 ret
330 3152 444 3217 fateor
465 3152 615 3237 equidem
645 3152 781 3216 difficile
804 3170 879 3217 esse
901 3153 1021 3217 iustam
1043 3156 1121 3238 pie-

56 3292 195 3360 namque
226 3272 370 3340 reddere
400 3276 583 3358 rationem,
625 3294 722 3359 quum
754 3275 949 3359 praesertim
978 3276 1021 3339 ab
1054 3292 1121 3340 una

55 3399 181 3462 tantum
205 3398 304 3481 parte
325 3414 393 3461 rem
416 3400 584 3460 narratam
607 3396 847 3480 acceperimus.
897 3397 1017 3481 ltaque
1039 3396 1120 3461 nibil

57 3517 246 3599 affirmabo,
282 3516 342 3581 sed
375 3519 467 3582 iuuat
498 3535 661 3601 quaerere
694 3520 805 3583 tamen
834 3537 875 3583 ac
902 3520 1120 3601 comminisci,

59 3638 131 3723 quid
153 3641 304 3726 potuerit
325 3656 459 3703 mouere
483 3636 670 3704 Aebutiam
692 3643 792 3723 atquc
814 3640 993 3724 impediere.

115 3798 229 3864 Primo
251 3801 355 3884 igitur
376 3800 452 3865 ioco
475 3796 563 3862 baud
586 3799 700 3881 inepte
728 3795 852 3871 dixerit
880 3798 1014 3883 aiiqais,
1046 3816 1119 3862 mo-

66 3937 120 3986 ram
157 3920 364 4006 quaesiuisse
401 3916 603 4006 Aebutiam,
650 3919 818 3983 consciam
858 3917 981 4003 faisse,
1029 3920 1117 3984 iliam

97 4171 132 4230 m)
151 4173 218 4223 Vide
237 4184 319 4232 supra
331 4185 359 4235 p.
370 4136 434 4221 Ἰ168,
454 4172 544 4232 ibique
565 4175 652 4219 notam
671 4169 715 4217 aa.
