3114 5046
582 344 833 421 stellantem.
1176 370 1238 432 lii

236 537 357 621 ltaque
380 553 447 600 nou
467 534 683 601 retexendum
706 536 769 601 hoe
793 555 877 622 opus
897 540 1044 604 totumue
1068 556 1238 607 renouan-

173 654 251 723 dum
272 655 349 721 mihi
372 658 529 742 proposui
540 653 578 743 ¹),
608 656 669 722 sed
699 676 740 723 ea
769 659 882 743 potius
911 660 1023 745 eaplia
1049 660 1176 748 selegi,
1204 662 1238 725 lu

173 779 295 865 qulbus
316 777 549 866 corrigendum
578 778 702 865 aliquid
732 782 790 845 aut
812 778 1031 866 supplendum
1053 780 1238 847 uidebatur.

172 898 295 984 Qualia
317 918 414 985 quum
436 902 493 967 uix
517 900 662 966 dubitem
692 903 771 986 quin
797 902 871 986 ipse
900 904 1018 969 auctor
1039 905 1118 988 post
1140 905 1239 970 octo-

172 1021 413 1107 decimanum,
436 1025 466 1087 sl
487 1040 648 1088 nouorum
669 1039 822 1089 curarum
844 1025 945 1088 otium
966 1024 1238 1111 uoluntatemque

171 1143 331 1231 liaberet,
353 1143 513 1210 nonnulla
535 1144 728 1230 prolaturus
749 1146 856 1231 esset,
878 1144 971 1210 nulla
991 1163 1029 1210 re
1043 1145 1151 1234 magis
1163 1144 1239 1212 lae-

171 1266 290 1347 tabor,
311 1265 458 1351 quamsi
479 1265 513 1329 iu
536 1264 600 1331 hae
621 1282 694 1330 mea
715 1261 942 1350 disputatione
958 1267 1052 1333 uioes
1071 1284 1152 1333 suas
1172 1266 1239 1333 all-

172 1404 242 1474 qua
262 1388 362 1472 parte
381 1404 433 1452 me
454 1388 603 1476 gessisse
624 1384 832 1453 ludleauerit.

235 1545 333 1612 ilaec
352 1544 433 1612 seiri
453 1544 562 1630 uolui,
584 1546 757 1630 quominus
778 1546 861 1611 ultio
882 1545 960 1611 mihi
981 1547 1128 1632 daretur,
1150 1546 1239 1635 quoii

171 1686 244 1734 uon
264 1669 332 1733 tam
354 1664 397 1733 de
417 1663 557 1748 iudicio,
585 1665 619 1731 iu
649 1685 715 1751 quo
736 1665 788 1733 M.
810 1665 910 1733 'i'uiiil
931 1685 1052 1735 caussa
1072 1674 1239 1756 uersatur,

172 1806 273 1873 quam
293 1785 337 1853 de
357 1789 431 1853 toto
452 1787 510 1853 illo
530 1786 643 1855 iudicii
664 1806 791 1877 genere
813 1788 913 1855 latius
934 1791 1008 1878 egi,
1037 1792 1139 1876 atque
1166 1792 1239 1855 orl-

171 1911 304 2001 ginem‚
324 1910 611 1999 progressionem,
633 1927 760 1975 omnem
781 1906 924 1995 denique
940 1911 1104 1977 rationem
1123 1913 1238 1977 eurio-

172 2032 247 2098 slus
268 2030 427 2117 exposui,
455 2031 541 2097 allas
561 2049 642 2097 uero
663 2049 721 2098 res
750 2032 898 2098 breuiter
926 2032 1126 2118 perstriuxi,
1154 2033 1239 2099 allas

170 2154 310 2222 silentio
331 2153 500 2238 praeterii.

207 2420 234 2483 l)
251 2420 332 2475 llullo
350 2422 408 2474 loeo
427 2434 538 2475 uumoro
557 2422 679 2488 cl'llopol·
734 2426 907 2487 quintoauuo
918 2430 1099 2488 posteaquam
1108 2422 1237 2475 Hersilia·

173 2512 337 2561 tramea
355 2507 406 2576 (il.
423 2510 456 2561 Τ.
476 2510 507 2562 G.
528 2513 677 2563 orationum
734 2512 839 2563 libellas
869 2512 1024 2574 prodierat,
1061 2513 1191 2576 pleraque
1221 2525 1236 2562 e

174 2612 221 2663 pro
232 2598 335 2661 Tullio,
348 2602 376 2651 lu
390 2599 523 2661 Clodium.
538 2614 585 2662 pro
596 2599 678 2651 Scau·
734 2598 824 2652 som
840 2602 1035 2652 commentariis
1057 2603 1234 2662 exscripserit.

174 2701 218 2749 ao,
239 2700 290 2752 pro
302 2688 398 2741 Flacco
409 2689 577 2754 lieiliquiae.
596 2689 678 2742 lioie·
734 2689 768 2741 de
786 2687 919 2739 Homolio
938 2700 1044 2749 prorsus
1060 2690 1232 2753 ignorauerit.

175 2773 676 2844 rodamii880.8·)‚quippequieiiam
