3114 5046
171 354 208 429 S.
225 349 266 420 8.
295 344 356 418 Ac
374 343 442 432 θ’.
461 345 649 419 adsedem
666 354 769 420 recte
786 345 996 445 defenderit
1012 370 1138 422 morse.
1178 348 1239 410 16⁹

171 540 213 600 rit
242 534 426 600 secundnm
449 553 544 621 quem
567 534 788 616 indiceretur,
830 534 958 601 docebo
981 556 1078 622 quum
1101 539 1238 621 primum
1258 560 1406 658 ΗΠ...

171 656 212 722 de
235 676 360 723 cnosso
382 658 492 757 omnin
513 675 727 742 comperero,
750 675 835 743 quoe
856 656 1027 743 Aquillius
1047 660 1158 745 nouit,
1181 662 1238 722 ot-

172 921 254 969 ctotit
285 917 375 968 Cicero
412 918 578 981 eloquentiae
613 929 678 968 suos

173 1009 322 1071 «fructum,
341 1013 372 1056 ut
389 1007 481 1056 scribit
499 1003 626 1056 Gellius.»
645 1028 676 1042 -
694 1036 696 1040 -

734 916 769 968 Le
790 916 861 967 aere
879 917 910 967 Τ.
931 917 977 966 vl.
998 932 1025 981 p.
1044 917 1085 976 Β.)
1102 919 1157 968 tiit:
1179 917 1238 969 oon

734 1007 844 1057 couciut
866 1007 914 1057 des
939 1012 1061 1064 termes.
1094 1008 1163 1057 dtus
1185 1007 1238 1058 loe·

173 1097 200 1146 Ν.
215 1097 250 1144 Ε.
270 1095 394 1146 Lenroire
413 1095 474 1152 (Ed.
491 1095 576 1145 Puris.
598 1093 675 1145 1827.

173 1185 208 1249 8.)
231 1186 331 1236 iisdem
359 1185 452 1234 uerbis
480 1184 678 1246 Argumentum

173 1275 328 1331 concludit,
359 1279 439 1335 utque
460 1273 548 1321 locum
569 1285 678 1336 quoque

176 1361 247 1413 detto
266 1363 363 1412 defluit
383 1360 445 1421 XV,
475 1359 519 1410 28.
540 1383 573 1396 -
603 1360 677 1422 Quos

176 1446 675 1510 etiemBoetin'useecutoeest(Geech.

177 1541 197 1588 d.
221 1541 303 1589 iidm.
331 1538 393 1587 Litt.
423 1537 569 1586 Curioruhc
596 1536 676 1587 18311.

177 1625 226 1688 1.),
263 1629 292 1678 in
326 1626 501 1676 recensendis
522 1624 559 1676 11.
594 1624 677 1674 Tullii

179 1717 342 1765 orationibus
356 1717 396 1765 sic
414 1728 429 1765 1
448 1714 612 1776 Quinctiana
632 1725 678 1762 ex-

180 1818 262 1854 orsus:
301 1805 351 1853 11.
374 1803 426 1853 Pro
453 1802 597 1865 Quinctio,
631 1802 676 1851 eiu

181 1893 370 1942 eitechteetreit
409 1892 480 1941 iiber
510 1888 676 1953 ergriiieneu

182 1981 280 2031 «Besitz
293 1978 349 2043 (1),
367 1978 484 2030 Cicero’e
497 1984 568 2029 crete
581 1976 675 2028 tident-

183 2069 262 2120 diche
281 2070 358 2119 Rode
375 2069 430 2131 (1),
455 2069 484 2118 in
501 2070 549 2118 der
566 2081 595 2118 er
611 2066 677 2116 oder

183 2161 278 2208 ticinen
305 2155 414 2220 Geoner
442 2155 601 2206 Hortensius
627 2155 677 2205 den

183 2246 255 2308 edico
286 2258 389 2308 mono
418 2241 464 2308 (1)
485 2245 547 2295 673.
572 2259 600 2294 u.
630 2258 674 2302 c.;

182 2334 318 2384 «obschon
339 2334 398 2383 sein
411 2331 500 2383 Client
514 2333 613 2382 bereite
631 2334 676 2381 ein

182 2422 297 2472 «Urtheil
310 2435 399 2484 gegeu
410 2422 468 2471 sich
481 2422 554 2471 hutte
566 2419 631 2484 (t).r
645 2447 673 2457 -

181 2508 239 2560 Olim
267 2510 395 2573 Freioius
424 2510 465 2568 (in
492 2510 520 2559 d.
552 2509 676 2560 Editione

181 2598 352 2658 dictionum,
371 2597 498 2648 Francos·
519 2598 615 2656 idid„
642 2597 675 2647 T.

181 2685 196 2735 1.
216 2702 244 2751 p.
270 2685 336 2748 ³.);
374 2685 509 2735 evidetur
540 2686 676 2749 Aquillius

182 2776 347 2826 seecundum
365 2774 523 2836 Quinctium
542 2774 618 2823 litem
632 2775 678 2824 de·

182 2865 275 2915 «diue.
324 2863 394 2913 Num
413 2862 505 2911 landet
522 2863 594 2911 hunc
618 2875 678 2912 oro·

183 2954 296 3003 «ionem
315 2951 440 3011 Gellius,
472 2951 544 3013 quod
562 2950 677 3001 liberato

183 3041 322 3103 «Quinctio
367 3039 484 3089 fructum
520 3052 585 3089 snae
623 3039 677 3091 eio-

184 3130 323 3191 equentiue
342 3127 435 3177 tulerit
452 3126 577 3177 Cicero.»

208 3217 306 3268 Contra
320 3217 494 3279 ignorantiae
506 3228 583 3266 mete
596 3221 677 3278 etque

186 3303 280 3369 inopiae
298 3305 430 3355 solatium
448 3303 527 3379 utiqt
541 3303 678 3353 Foccioto·

188 3392 231 3454 tue,
267 3394 349 3444 cuius
378 3393 408 3443 in
433 3391 679 3443 Exercitationem

190 3473 264 3544 (upra
288 3496 316 3546 p.
340 3481 386 3532 31.
405 3495 422 3531 1
445 3493 490 3530 me
517 3478 615 3542 citetis)
634 3481 678 3529 in-

192 3572 252 3620 uenio
282 3571 353 3620 hoec
378 3567 421 3632 (p.
452 3565 526 3632 110.)ε
557 3568 680 3618 «Scribit

194 3654 297 3708 «Gellius
333 3654 435 3721 (inquit
464 3655 677 3720 Merouuiiiius),

197 3743 309 3796 «liberato
317 3746 460 3808 Quinctio,
474 3759 540 3795 eune
549 3747 679 3808 eioquen·

199 3833 252 3883 uiae
264 3834 382 3884 fructum
398 3835 493 3884 tulisse
505 3833 676 3884 Ciceronem.

202 3918 249 3969 tied
267 3936 349 3974 coue,
370 3923 470 3971 nomini
488 3925 597 3972 medas:
629 3936 678 3985 eoo

204 4010 266 4056 terim
292 4010 360 4059 ninii
382 4010 436 4060 tote
463 4023 577 4074 usquam
604 4011 678 4074 opud

207 4091 312 4146 *isitium
332 4099 456 4147 inuenire
471 4100 577 4160 potui.»
621 4096 678 4148 Dif-

136 4188 144 4249 1
208 4172 289 4234 fidenter
316 4187 399 4237 etium
423 4186 554 4249 Burnonf
568 4184 607 4250 (in
628 4187 677 4236 Ed.

734 1094 812 1159 quele
837 1108 872 1145 en
899 1095 974 1157 porte
1005 1094 1077 1155 (scil.
1107 1095 1141 1145 dc
1168 1101 1238 1146 cette

733 1179 827 1246 cause)
856 1179 1054 1243 «Anio-Gens,
1084 1196 1138 1247 quc
1164 1183 1239 1234 Cice·

734 1285 807 1321 oron
827 1271 852 1321 11
871 1285 989 1334 gagnei
1009 1272 1165 1336 Eodemque
1177 1285 1239 1322 uer·

734 1361 766 1410 bu
786 1364 986 1409 conseruentur
1003 1360 1032 1409 in
1051 1359 1099 1413 Ed.
1118 1360 1236 1414 Nisord.

733 1448 845 1498 Parisiis
865 1446 944 1498 teto.
968 1470 995 1482 -

768 1535 913 1586 Caeterum
931 1537 954 1586 si
972 1536 1033 1600 quis
1045 1537 1146 1588 uicisse
1156 1537 1240 1600 Quin-

733 1625 817 1675 otium
837 1624 873 1674 111
892 1624 1101 1687 existimauerit,
1132 1632 1162 1676 ut
1183 1640 1240 1677 nou

733 1719 904 1776 compertum
924 1727 954 1764 ee
973 1715 1090 1775 hebere,
1111 1716 1158 1765 sed
1175 1729 1240 1766 con·

733 1802 836 1852 iectura
850 1802 912 1852 dnci
924 1803 959 1852 sd
972 1804 1165 1866 suspicandum
1179 1818 1240 1866 pro-

734 1890 860 1950 fitentur,
899 1891 972 1941 huod
1005 1893 1119 1942 nimium
1161 1906 1239 1955 repn-

733 1979 840 2042 gntbo:
860 1993 1025 2043 quemquem
1045 1981 1237 2044 prosternis,

732 2079 804 2131 quoe
831 2069 913 2118 modo
939 2070 967 2118 in
992 2082 1088 2119 conseo
1107 2082 1239 2132 111111111-
1301 2054 1305 2072 '

733 2162 818 2218 runt,
852 2158 917 2207 eutis
953 2157 1046 2207 hercle
1090 2158 1238 2220 ambigue,

733 2245 810 2295 nullo
828 2251 890 2295 ntor
908 2258 997 2308 neque
1016 2247 1133 2308 uestigio
1150 2259 1239 2310 neque

733 2333 834 2383 indicio
847 2334 898 2383 nisi
913 2334 1026 2384 fortusse
1044 2348 1118 2394 uno,
1138 2336 1166 2384 in
1179 2348 1239 2384 oru-

732 2426 821 2471 torum
836 2435 912 2472 more
924 2427 951 2471 et
964 2424 1161 2473 consuetudine
1175 2437 1238 2473 con·

733 2510 809 2570 dito,
829 2522 864 2560 ne
878 2511 937 2573 ipso
950 2512 1079 2574 quidem,
1099 2517 1128 2560 ut
1142 2524 1237 2561 uerum

733 2595 834 2658 fatear,
844 2600 1004 2649 certissimo.
1020 2600 1155 2651 Nimirum
1166 2601 1238 2650 houd

733 2687 850 2736 absurde
863 2688 981 2746 dicetur,
997 2689 1024 2736 in
1035 2688 1142 2737 iudiciis
1153 2688 1239 2750 priva·

733 2776 767 2824 tis
774 2781 913 2838 patronos,
921 2789 975 2838 quo
987 2776 1239 2838 magietmbigutm

734 2863 900 2927 dubiumque
916 2876 1039 2913 causeam
1056 2862 1238 2924 defenderint,

734 2964 767 3001 eo
785 2950 842 3001 iere
860 2952 992 3001 tardiores
1015 2964 1075 3001 esee
1098 2951 1133 3000 td
1153 2951 1240 3014 publi-

734 3040 849 3089 candum
860 3039 1068 3099 defensionem,
1088 3041 1141 3088 uisi
1155 3040 1241 3091 nicto·

733 3140 778 3176 res
798 3128 982 3179 discesserint.
1015 3129 1071 3178 Nec
1092 3129 1239 3178 immerito.

734 3214 780 3264 Est
806 3217 879 3265 enim
905 3216 993 3266 iendis
1017 3217 1136 3266 etodium
1162 3218 1240 3266 ortis-

734 3316 787 3366 que
806 3305 975 3355 erhibendue
993 3305 1107 3368 cupido,
1140 3305 1240 3368 quibus

734 3393 851 3442 maxime
870 3393 1063 3456 impelluntur,
1096 3399 1126 3443 ut
1144 3394 1172 3443 in
1192 3409 1254 3459 pu·¹

735 3480 837 3529 11111111
850 3481 932 3531 edent
944 3483 1015 3545 quod
1029 3483 1154 3531 dixerint.
1187 3481 1240 3531 1111

734 3580 815 3624 uero,
844 3573 872 3618 ut
896 3575 937 3619 eet
955 3571 1055 3632 uulgus
1076 3570 1238 3631 hominnm,

734 3670 766 3706 ex
785 3662 886 3706 euentu
915 3659 1001 3720 magis
1026 3671 1108 3721 quum
1134 3671 1166 3708 ex
1184 3659 1239 3708 1111

735 3758 764 3794 re
790 3744 846 3794 uile
877 3746 1000 3806 dignosci
1031 3759 1063 3794 ac
1094 3746 1239 3796 diiudicari

705 3892 708 3898 Ι
734 3833 832 3882 soient.
876 3833 928 3894 Qui
958 3834 981 3882 ei
1008 3833 1059 3883 tuit
1087 3834 1238 3895 aduersus,

735 3921 832 3982 exigua
850 3935 911 3983 spes
930 3928 987 3981 est,
1011 3922 1158 3972 lectoribus
1179 3937 1240 3986 pro·

735 4009 862 4058 buturum
882 4011 927 4073 qui
948 4011 1029 4060 iudici
1049 4012 1164 4074 probare
1183 4024 1239 4061 non

735 4098 840 4159 potuit:
860 4098 913 4147 nisi
932 4098 1000 4148 odeo
1015 4097 1170 4149 firmissimo
1182 4100 1239 4148 eni·

734 4183 948 4250 deotissimoquo
973 4187 1030 4236 iure
1054 4200 1149 4237 conseo
1174 4201 1239 4237 con·
