3114 5046
410 371 473 434 356
518 366 613 467 Gap.
632 367 668 441 1.
724 364 783 440 Dc
805 368 892 439 iura
916 386 1077 437 corrosus
1105 360 1376 440 Guecioiunoe.

287 578 391 674 ¹:259&
410 571 643 655 derroaeture,
667 585 710 631 ne
733 567 817 630 oium
842 563 963 628 iecisse
987 560 1118 627 dicatur
1132 557 1187 648 3“);
1210 568 1331 631 contra
1354 567 1383 629 si
1406 567 1478 651 quis

410 689 588 777 probibere
611 689 684 752 uuit
712 707 797 772 opus
818 681 954 768 aliquod
979 702 1021 748 ne
1043 684 1118 770 bat,
1154 705 1391 773 nonnunquam
1415 689 1477 752 de·

409 817 557 879 eruerctut
580 810 729 890 facturo,
763 811 955 897 quomagis,
988 811 1016 873 si
1040 808 1253 875 nihilominus
1276 811 1416 892 feeerit,
1446 813 1476 873 ui

410 932 533 1000 iecisse
566 928 787 1004 uideatur³²).
837 929 900 1012 Qui
930 933 977 995 ita
1013 929 1111 1017 beros
1142 934 1291 1015 scriptus
1325 936 1396 1014 est,
1435 929 1477 998 st

410 1056 541 1138 dotem,
577 1074 681 1144 parom
710 1059 743 1119 ci
763 1057 926 1137 promisi,
959 1071 1070 1138 coepte
1090 1057 1235 1139 petierit
1256 1072 1368 1143 raeque
1390 1072 1476 1119 eue-

409 1181 520 1264 pcrtt,
543 1175 701 1243 roboredi
728 1176 937 1255 denunciat,
961 1178 1112 1257 paratum
1134 1193 1173 1239 se
1195 1178 1340 1259 accepto
1364 1175 1476 1241 facere

410 1296 537 1382 dotem,
574 1298 628 1362 uel
658 1315 798 1381 eouere3
834 1316 899 1381 quo
929 1294 1083 1362 condicio
1116 1300 1174 1360 aut
1208 1296 1387 1381 impleatur
1420 1302 1475 1361 aut

409 1423 575 1505 appareat
603 1436 664 1503 per
694 1417 892 1484 coheredem
923 1419 1078 1498 stetisse,
1114 1419 1289 1502 quominus
1318 1419 1477 1502 impiere-

410 1547 466 1606 tur
480 1536 526 1619 ³³).
570 1537 696 1620 Quodsi
719 1541 829 1604 uinum
853 1541 900 1603 ita
923 1540 1082 1624 uoniorit,
1111 1544 1149 1602 ut
1171 1537 1243 1603 dies
1264 1538 1308 1604 ad
1333 1542 1481 1604 metien-

412 1662 487 1728 dum
516 1664 812 1746 praesumeretur,
857 1677 920 1725 nec
952 1662 1040 1724 intro
1071 1658 1156 1724 diem
1184 1659 1378 1727 adprensum
1413 1663 1481 1746 sit,

411 1782 568 1850 uenditor
590 1785 745 1868 emptori,
779 1786 815 1846 ut
838 1785 896 1846 aut
918 1781 1016 1845 ioliat
1038 1783 1165 1865 uinum,
1186 1787 1245 1846 aut
1266 1783 1353 1848 sciat
1384 1782 1489 1847 iutu-

410 1925 504 1986 rum,
533 1910 570 1969 ut
592 1907 702 1969 uinum
726 1902 967 1986 offunderetur,
997 1900 1228 1988 denunciabit3
1265 1923 1332 1988 quo
1354 1906 1489 1993 magis,

411 2030 441 2093 si
473 2026 597 2091 diutius
632 2029 762 2109 emptor
796 2023 1032 2109 indificauerit,
1068 2023 1239 2089 effundere
1267 2026 1331 2091 sibi
1359 2026 1496 2109 liceat,

411 2167 520 2234 neque
543 2149 705 2213 malitiose
728 2148 869 2209 nimione
891 2146 1051 2229 emptoris
1073 2144 1271 2210 detrimento
1304 2148 1370 2213 sibi
1393 2167 1502 2214 eon-

411 2270 556 2335 suluisse
585 2267 739 2332 uideatur
754 2260 802 2345 ³⁴).
847 2266 978 2332 Dicitur
1007 2285 1109 2351 porro
1138 2265 1307 2351 dominus,
1346 2272 1403 2355 qui
1427 2272 1513 2334 in·-

412 2393 564 2455 stitorom
598 2388 717 2471 habet,
756 2387 886 2453 cuidam
921 2386 1141 2475 denunciare,
1177 2408 1220 2455 ue
1250 2407 1355 2456 seruo
1390 2412 1416 2456 a
1444 2405 1517 2457 re

411 2516 612 2598 praeposito
641 2510 783 2595 credot3
828 2511 1002 2596 quomugis
1039 2511 1111 2595 illc,
1151 2514 1325 2594 compertu
1355 2509 1523 2578 domini

411 2634 600 2715 uoluntate,
634 2634 821 2696 institorias
855 2634 1000 2696 aetionis
1036 2650 1186 2697 caussam
1217 2633 1537 2720 beneficiumquffi

411 2757 542 2821 amittat
560 2751 612 2828 ³⁵).
670 2751 734 2834 Qui
766 2755 938 2838 pecuniam
974 2773 1033 2838 pro
1067 2755 1133 2819 alio
1166 2756 1415 2840 constituerat,
1451 2746 1539 2820 εἰ

410 2878 609 2965 aliquando,
639 2897 683 2943 ne
704 2877 837 2963 coierat,
868 2875 1101 2940 denunciatum
1121 2881 1192 2954 esi,
1219 2879 1400 2962 quominus
1420 2898 1541 2963 peae

413 3003 510 3067 cunia
546 3002 651 3064 inuito
691 2997 844 3062 debitore
888 2999 999 3061 solutu
1037 2995 1183 3061 mandati
1221 3002 1541 3085 negotiorumufz'

410 3127 583 3211 gestorum
623 3122 680 3208 agi
726 3123 840 3204 posset
860 3113 907 3194 ³⁶).
966 3117 1109 3198 Herodi,
1147 3120 1201 3203 qui
1236 3137 1304 3183 non
1345 3126 1542 3187 retenta

339 3244 344 3251 “
412 3248 531 3330 quarta
571 3261 632 3327 per
671 3259 817 3306 errorem
858 3244 960 3304 totam
999 3238 1218 3305 hereditatem
1259 3242 1458 3309 restituerat
1534 3277 1541 3307 r

411 3361 533 3431 Aristo
565 3364 689 3435 suasit,
726 3366 762 3425 ut
791 3360 998 3426 debitoribus
1026 3360 1261 3445 denunciaret,
1300 3382 1344 3428 ne
1373 3363 1542 3449 fidei»

412 3488 649 3552 commissario
671 3483 847 3548 coiecerunt
858 3503 869 3566 ,·
904 3503 969 3568 quo
998 3482 1090 3548 tacto
1119 3485 1147 3547 si
1171 3482 1387 3550 nihilominus
1408 3488 1471 3551 soi
1491 3511 1541 3530 -

412 3609 540 3689 uerint,
563 3603 690 3693 indigni
713 3623 733 3668 u
756 3602 919 3669 Praetore
941 3604 1193 3687 iudicabuntur,
1215 3607 1355 3690 quibus,
1378 3607 1542 3673 heriz-⁴

466 3856 510 3922 31)
538 3860 569 3908 L.
585 3857 612 3906 ³.
629 3856 659 3920 §-
670 3858 696 3906 7.
723 3858 754 3906 L.
768 3857 795 3906 5.
808 3869 848 3917 pr.
863 3855 915 3920 ὃς.
1008 3853 1051 3919 ut)
1080 3856 1111 3904 L.
1136 3857 1161 3905 i.
1182 3853 1212 3918 §.
1231 3854 1257 3904 3.
1283 3857 1323 3910 De
1346 3863 1428 3920 peric.
1522 3850 1545 3894 θ)

413 3947 492 3997 1-t.
522 3949 553 3997 L.
569 3949 595 3996 ii.
611 3943 641 4008 5.
656 3946 703 3995 uit.
737 3945 815 4007 Quod
830 3949 856 3994 ui
869 3951 917 3994 aut
974 3957 1070 3996 comm.
1085 3959 1107 3994 r.
1124 3945 1208 3995 nond.

414 4036 491 4087 ciam.
1008 4031 1053 4096 ³5)
1073 4034 1103 4081 L.
1116 4034 1159 4083 1⁵1.
1172 4031 1239 4097 §.b
1252 4035 1293 4086 De
1311 4038 1393 4086 instit.
1412 4025 1536 4085 rofi·

448 4123 492 4188 ³2)
511 4126 541 4174 L.
556 4125 582 4173 5.
598 4121 627 4186 ὅ.
641 4123 668 4172 7.
683 4123 744 4174 eod.
1008 4120 1052 4186 tu)
1071 4123 1101 4171 b.
1113 4123 1157 4171 ii'i.
1171 4123 1211 4173 [ie
1222 4128 1329 4175 constit.
1344 4138 1437 4188 pecun.

449 4210 493 4277 3³)
512 4214 542 4261 L.
556 4213 584 4262 ⁵1.
599 4212 638 4262 De
652 4211 682 4260 C.
698 4213 768 4263 etl).
