3114 5046
327 439 389 501 622
473 415 571 518 Gap.
595 416 630 490 Ι.
673 412 731 489 Da
748 417 835 489 iure
852 436 1015 490 concede
1034 409 1254 490 Tullianae.

170 619 308 661 comma.
328 605 401 683 tur3
435 596 523 683 quod
554 599 583 662 si
615 596 690 678 tint,
722 614 790 659 non
824 612 925 679 posse
957 613 1065 679 neque
1103 615 1123 658 a
1160 595 1391 660 defensoribus

169 697 236 736 Μ
250 698 310 737 '¹⁸⁶⁸'
327 721 525 805 disceptari,
553 720 626 783 iure
647 736 690 783 an
713 718 832 780 iniuria
853 735 875 780 a
897 714 935 780 P.
956 715 1051 780 Fabii
1075 716 1201 781 familia
1223 718 1394 782 commissu

327 844 393 907 ista
414 859 455 906 ac
476 842 672 925 perpetrata
692 839 779 923 sint,
802 856 910 922 neque
925 856 946 902 a
961 839 1258 922 recuperatoribus
1272 839 1400 925 quaeri.

328 963 515 1045 Quinetiam
544 965 700 1027 rectene
722 960 894 1045 sapienter
917 962 964 1024 ita
986 978 1062 1025 esse
1085 958 1267 1027 decretum.
1313 959 1401 1025 Nam

328 1086 427 1151 talem
461 1102 537 1149 esse
566 1082 663 1147 huius
693 1080 802 1146 iudicii
830 1078 975 1146 indolem
1004 1085 1040 1146 et
1065 1084 1250 1165 rationem,
1288 1089 1327 1146 ut
1355 1079 1409 1146 de

328 1205 464 1290 damno,
486 1204 574 1291 quod
597 1203 709 1268 datum
731 1205 792 1284 sit,
814 1222 882 1267 non
904 1203 991 1268 adeo
1013 1207 1214 1288 quaeratur,
1235 1220 1334 1288 quam
1356 1201 1407 1268 de

327 1325 424 1391 modo
448 1330 482 1391 et
504 1327 599 1406 actu,
623 1345 687 1409 quo
710 1326 754 1388 sit
777 1323 898 1388 datum.
930 1321 995 1390 Ubi
1020 1323 1117 1410 nihii,
1142 1324 1261 1410 inquit,
1284 1325 1401 1414 agitur

329 1449 392 1511 nisi
414 1445 566 1511 damnum
588 1447 687 1510 atteri
709 1447 752 1510 ab
774 1446 882 1510 attero
904 1446 1033 1526 datum,
1060 1446 1148 1510 sieut
1177 1451 1232 1510 est
1254 1446 1290 1509 in
1312 1446 1397 1534 legis

328 1567 485 1652 Aquiliae
507 1568 658 1651 actione,
678 1569 725 1632 ibi
740 1566 938 1648 Praetores,
961 1569 1113 1652 quoniam
1130 1572 1196 1630 tam
1213 1569 1285 1632 iure
1302 1585 1387 1651 quau

327 1689 448 1753 iniuria
470 1688 622 1753 damnum
645 1688 717 1753 dari
739 1693 871 1774 potest,
893 1690 925 1752 in
948 1687 1059 1752 iudicii
1078 1688 1254 1753 iormutam
1269 1686 1385 1753 addunt

329 1812 563 1895 exceptionem
583 1829 731 1897 laruam,
754 1829 838 1897 qua,
853 1812 907 1896 qui
925 1812 995 1874 iure
1009 1828 1070 1875 suo
1086 1809 1240 1874 damnum
1257 1808 1382 1891 dederit

329 1931 495 1998 aduersus
524 1936 670 1999 actorem
700 1951 738 1998 se
760 1934 847 1997 tucri
869 1933 986 2016 possit.
1027 1929 1077 1995 At
1100 1932 1154 1996 ubi
1178 1930 1278 1997 deut
1300 1929 1382 1996 etde

329 2052 517 2119 hominibus
545 2055 682 2119 armatis
710 2055 842 2142 agitur,
869 2054 956 2119 sicut
979 2052 1012 2116 in
1034 2051 1098 2117 hoc
1120 2050 1234 2119 iudicii
1256 2061 1382 2142 genere,

332 2194 397 2260 quo
420 2174 549 2240 Tullius
571 2194 643 2242 cum
665 2175 771 2241 Fabio
793 2174 965 2261 consistit,
987 2193 1049 2238 usu
1072 2176 1180 2256 uenit,
1202 2176 1260 2239 ubi
1281 2172 1382 2239 aedit-

331 2298 456 2361 ciorum
479 2298 765 2385 expugnationes,
786 2298 860 2384 agri
883 2296 1111 2376 uastationes,
1133 2294 1301 2360 hominum
1323 2301 1383 2360 tru-

332 2416 540 2499 cidationes,
579 2415 754 2503 incendia,
788 2418 942 2503 rapinas,
976 2419 1171 2505 sanguinem
1206 2419 1384 2507 intelligunt

332 2556 400 2603 non
414 2537 520 2603 sotum
537 2543 676 2621 propter
693 2537 843 2603 damnum
858 2540 973 2624 reique
987 2541 1140 2623 priuatae
1155 2537 1384 2616 detrimentum,

332 2659 394 2724 sed
416 2663 515 2725 etiam
538 2664 678 2743 propter
700 2661 903 2745 reipublicae
920 2660 1060 2723 salutem
1075 2679 1230 2724 seuerum
1245 2659 1384 2724 iudidun

332 2782 524 2865 postutare:
559 2781 602 2845 ibi
633 2800 715 2846 sanc
739 2801 805 2845 non
828 2786 880 2845 est
902 2779 1099 2865 mirandum,
1133 2783 1219 2846 satis
1243 2781 1383 2847 habuisse

332 2920 409 2981 eos,
432 2903 488 2985 qui
510 2900 574 2966 hoe
597 2902 749 2966 iudicium
772 2901 952 2985 dederunt,
975 2901 1006 2966 id
1031 2905 1160 2987 quaeri,
1184 2908 1294 2967 utrum
1316 2903 1384 2967 hacc

333 3026 398 3087 tam
421 3025 549 3088 atrocia
573 3023 665 3087 facta
688 3028 800 3088 essent
824 3043 951 3107 necne3
984 3044 1050 3088 non
1081 3028 1188 3087 utrum
1212 3026 1285 3090 iure
1308 3025 1383 3090 iacta

331 3163 376 3209 an
398 3146 534 3227 iniuria3
557 3162 630 3208 cum
654 3146 756 3228 primo
780 3146 907 3209 nollent
930 3164 1006 3229 eos,
1028 3147 1082 3226 qui
1100 3149 1201 3209 armis
1217 3165 1313 3231 quam
1327 3148 1383 3209 iure

331 3284 436 3353 agere
469 3266 681 3341 maluissent,
713 3265 755 3331 de
787 3268 858 3330 iure
892 3270 926 3331 et
959 3267 1078 3330 iniuria
1108 3266 1299 3352 disputare,
1330 3272 1381 3329 tun

332 3395 530 3452 uererentur
551 3393 609 3453 aut
632 3391 695 3473 ipsi
719 3389 880 3473 iudicare,
903 3407 1003 3473 posse
1026 3387 1176 3453 homines
1191 3409 1312 3454 seruos
1326 3391 1381 3450 iure

330 3525 422 3573 arma
436 3526 560 3591 capere
576 3513 609 3573 et
625 3528 752 3573 manum
769 3528 908 3598 cogere,
923 3515 981 3574 aut
995 3513 1291 3595 recuperatoribus
1305 3512 1381 3575 eius-

331 3627 417 3692 modi
439 3630 629 3712 serupulum
652 3632 807 3713 iniicere,
836 3635 895 3695 aut
916 3636 1045 3698 scutum
1068 3636 1198 3716 tamen,
1230 3638 1381 3716 uteunque

330 3747 491 3833 inhabita,
513 3752 546 3813 in
570 3749 691 3816 iudicio
713 3754 754 3816 iis
777 3751 874 3838 dare,
897 3773 981 3838 quos
1001 3758 1143 3838 propter
1159 3754 1245 3821 haee
1259 3771 1344 3820 arma
1357 3751 1378 3812 in

330 3869 483 3936 iudicium
499 3875 725 3938 uocauisscnt.
750 3872 808 3938 Ad
822 3881 1005 3939 extremum
1020 3876 1269 3941 similitudinem
1284 3881 1378 3940 orator

330 3987 536 4057 demonstrat
557 3997 635 4057 noui
658 3995 746 4059 illius
767 3992 954 4077 interdicti,
977 4015 1041 4081 quo
1067 3996 1233 4061 incudem
1249 3990 1375 4061 maleficii

329 4111 451 4193 forma,
474 4132 558 4197 quae
583 4118 615 4178 ul
630 4114 816 4182 hominibus
832 4120 960 4183 coactis
975 4119 1156 4182 armatisue
1172 4119 1373 4183 committitur,

327 4229 370 4294 ad
394 4237 628 4314 possessiones
649 4238 900 4324 recuperandas
921 4239 1063 4305 deiectis
1084 4241 1133 4304 ita
1153 4240 1292 4306 maxime
1305 4253 1371 4303 con·
