3114 5046
341 362 402 424 :iai
435 360 518 459 Cup
493 387 529 459 p.
560 362 592 433 1.
647 359 707 434 De
733 365 818 434 iure
845 383 1005 432 cuiusce
1034 356 1302 434 Cuccioiuuoe.

173 569 313 666 ⁰,1„,'‘⁰⁹¹⁶‘¹
283 559 435 625 obfundi
458 562 721 624 controuersiam
745 577 1018 648 praegressuram
1043 577 1118 624 esse
1150 559 1296 625 familiae
1326 558 1406 624 ber·

186 639 293 723 nmoss'.
340 682 520 749 ciscundae
543 679 680 767 iudicio,
703 685 737 746 et
759 680 1027 766 praeiudiciaiem
1042 682 1137 747 certa
1151 680 1294 766 quadam
1311 689 1407 766 parte

339 804 503 890 futuram5
524 804 619 868 simui
641 821 846 890 magnopere
868 805 1032 867 interesse
1056 797 1252 892 Caecinae,
1285 806 1324 868 ut
1345 801 1406 869 be-

339 925 494 990 reditatis
521 923 640 988 diuisio
670 923 712 990 de
740 943 845 1010 eaque
874 925 1045 990 arbitrium
1068 943 1165 1010 quam
1187 926 1406 991 maturissime

339 1045 560 1130 procederet:
582 1048 618 1110 at
640 1046 847 1111 deductione
870 1046 1044 1112 retardata
1067 1046 1247 1112 uadimonii
1263 1049 1405 1132 promis-

339 1171 464 1233 sionem
496 1167 620 1232 differri
633 1160 687 1254 ¹⁷);
722 1166 800 1232 inde
833 1186 956 1233 moram
986 1170 1097 1253 parari
1130 1169 1192 1252 ipsi
1227 1168 1271 1234 de
1304 1167 1405 1234 fundo

339 1289 479 1375 iudicio,
516 1309 580 1375 quo
608 1294 747 1373 peracto
777 1288 904 1355 demum
934 1284 1092 1356 Caecina
1120 1291 1216 1356 saluo
1246 1293 1319 1356 iure
1347 1310 1404 1356 suo

339 1411 484 1476 iamiiiae
507 1411 750 1478 herciscundae
771 1412 942 1499 arbitrium
966 1413 1123 1497 prosequi
1146 1415 1266 1497 posset
1277 1406 1326 1490 ¹⁸).

402 1530 472 1599 Sed
502 1536 609 1620 magle
635 1533 712 1598 mihi
736 1535 847 1618 placet
871 1531 959 1620 quod
984 1531 1206 1600 Hotomanus
1229 1527 1403 1600 existima-

339 1656 404 1740 uit,
442 1649 634 1721 Caecinam
664 1675 726 1740 per
762 1656 907 1742 speciem
942 1654 1153 1720 deductionis
1182 1655 1403 1721 celebrandae

339 1777 428 1840 uitro
460 1778 523 1840 uim
553 1774 704 1844 Aebutio
734 1778 900 1842 illaturum
923 1781 957 1842 et
979 1779 1050 1842 siue
1073 1774 1280 1842 deiecturum
1303 1776 1402 1855 hunc,

339 1900 410 1962 siue
440 1900 472 1962 in
501 1918 705 1965 communem
735 1904 845 1964 tamen
868 1898 961 1963 tundi
985 1901 1232 1983 possessionem
1256 1900 1401 1965 intrusu-

340 2039 409 2083 rum
432 2039 470 2085 se
494 2020 598 2086 tuisse
611 2015 667 2106 19);
701 2021 778 2086 huic
806 2022 916 2085 autem
947 2021 1082 2105 incepto
1103 2017 1298 2087 Aebutium
1321 2024 1354 2086 ui
1375 2024 1400 2086 et

339 2143 440 2206 armis
462 2161 499 2207 se
523 2145 722 2228 opposuisse
734 2135 784 2222 ²⁰).

403 2260 477 2344 Qua
499 2265 533 2326 in
555 2281 593 2328 re
615 2282 711 2348 quam
739 2266 880 2329 maxime
901 2263 1145 2331 consideranda
1174 2270 1293 2350 erunt,
1326 2285 1398 2349 quae

339 2382 484 2449 Aebutii
505 2385 650 2450 testibus
670 2404 691 2450 a
710 2383 825 2451 Petilio
847 2380 1097 2464 tribuuntur²¹b
1133 2385 1269 2451 Etenim
1294 2406 1397 2467 paron

339 2503 499 2571 credibile
529 2510 598 2589 est,
635 2511 700 2571 tam
730 2509 866 2571 stultum
896 2507 1002 2573 fuisse
1031 2503 1240 2596 debriatum,
1277 2517 1317 2573 ut
1351 2526 1397 2572 eos

340 2630 520 2713 praecipue
548 2631 656 2693 testes
686 2626 906 2714 produceret,
940 2630 1013 2716 qui,
1051 2636 1286 2714 praeterquam
1322 2627 1396 2717 quod

340 2768 418 2813 ere
439 2747 625 2814 aduersarii
647 2755 756 2836 esset,
785 2750 864 2815 nibil
887 2751 991 2816 ierme
1015 2750 1176 2816 dicerent.
1222 2749 1288 2833 Qui
1312 2769 1396 2838 quun

339 2873 403 2938 uim
433 2877 593 2937 armatam
626 2873 772 2959 ingenue
805 2873 977 2939 fateantur
1008 2873 1051 2938 ab
1078 2869 1249 2960 Aebutio,
1289 2876 1395 2958 partin

374 3055 418 3120 17)
437 3058 506 3108 Vide
519 3071 599 3120 supra
612 3072 639 3120 p.
655 3057 716 3108 370.

375 3143 843 3212 18)Videsuprap.3tii.363.seq.,

340 3235 404 3296 ubi,
430 3235 508 3299 quale
534 3235 598 3286 huic
616 3248 725 3298 quoque
749 3238 845 3300 agendi

340 3324 452 3375 consitio
479 3323 646 3386 periculum,
680 3339 844 3388 quamquam

338 3411 442 3462 iaciiius
455 3413 564 3472 quidem
577 3411 686 3463 tortasse
699 3415 732 3463 od
744 3418 844 3464 euitan-

340 3500 421 3560 dum,
442 3500 558 3559 adesset,
579 3499 771 3552 demonstrant.

375 3585 419 3652 ia)
437 3588 543 3638 Videris
564 3601 633 3649 quoe
655 3589 743 3651 pauiic
766 3597 844 3641 antea

340 3692 365 3739 p.
386 3677 448 3728 390.
465 3680 595 3730 indicaui.

373 3764 420 3829 20)
455 3768 577 3819 Occurrit
610 3769 675 3819 baec
711 3770 842 3818 sententia

339 3857 485 3908 iiotomani
508 3861 535 3907 in
563 3858 736 3908 adnotatione
756 3858 789 3906 ud
817 3871 841 3907 c.

338 3945 363 3992 o.
379 3943 417 3994 p..
445 3947 476 3993 io
488 3960 532 3996 cua
543 3947 617 4007 ipsos
629 3959 672 3995 rea
685 3946 731 3996 rei.
743 3984 750 4007 ,
771 3953 798 3999 et
810 3948 843 3999 ad

339 4046 360 4081 c.
376 4033 418 4082 1⁰.
435 4046 497 4083 eutr.
519 4032 558 4082 ab·
600 4035 744 4099 intoiiiqere
767 4048 841 4096 proc·

339 4123 408 4171 aiore
432 4123 495 4181 quid
511 4136 605 4171 carcero
626 4124 691 4181 reb,
722 4130 747 4172 et
763 4124 795 4172 od
817 4137 839 4173 c.

341 4212 379 4259 ii.
398 4210 436 4259 ,n
468 4210 525 4259 Noa
537 4211 617 4260 deieci
636 4214 679 4259 aad
699 4212 796 4260 obstiti.
811 4239 838 4247 -

903 3060 955 3110 Sed
970 3060 1021 3110 hoc
1034 3058 1278 3120 iocoGorotoniaa,
1301 3067 1396 3125 proptu

902 3150 1010 3199 nimiam
1031 3149 1161 3199 comonis
1187 3153 1394 3202 uenerationem.

901 3240 930 3286 in
951 3238 1133 3286 Hotomanum
1163 3238 1323 3289 iracundius
1348 3250 1395 3302 pue

902 3338 935 3375 ne
958 3338 1038 3385 quam
1062 3331 1156 3375 natura
1175 3326 1253 3387 tulit,
1284 3329 1395 3377 innocui

902 3420 950 3464 est.
971 3414 1037 3464 Nam
1051 3419 1111 3475 post
1122 3414 1173 3464 aiio
1187 3415 1291 3475 muita,
1312 3414 1393 3466 «vide,

902 3503 1032 3566 «inquit,
1065 3514 1182 3566 quaeso,
1216 3517 1298 3567 quam
1325 3500 1392 3554 soiidt

902 3591 959 3641 «ibi
984 3588 1021 3654 (iu
1044 3605 1067 3642 c.
1087 3588 1144 3655 31.)
1178 3591 1230 3642 boe
1255 3593 1390 3643 reieiiaiur.

902 3686 954 3729 out
980 3679 1056 3743 piano
1079 3679 1229 3744 inteiligas,
1259 3681 1391 3743 quidqu

901 3769 1107 3825 «Hotomanus,
1137 3769 1202 3819 dum
1230 3771 1306 3822 iuuet
1324 3768 1389 3819 seta·

901 3860 976 3915 atio,
1006 3864 1032 3907 et
1053 3863 1186 3908 oratorem
1209 3865 1351 3911 marimum
1367 3863 1387 3903 ti

901 3961 913 3989 n
924 3946 1160 4009 prudentissimum
1179 3951 1386 3999 criminatur-ur

900 4036 1079 4094 Caeteroquin
1091 4035 1210 4085 ii'ioiziua
1229 4038 1263 4087 ad
1276 4052 1298 4087 e.
1311 4039 1335 4086 a.
1352 4033 1388 4083 iii·

899 4131 1036 4172 rauranum
1050 4131 1159 4174 securius
1173 4133 1223 4174 est.

934 4211 976 4273 ii)
997 4225 1072 4274 capp.
1088 4214 1114 4260 tt.
1131 4219 1155 4264 ot
1173 4214 1215 4261 iit.
