3114 5046
103 336 143 412 s.
161 325 201 398 9.
230 319 412 422 Defensio
437 325 479 395 in
503 333 637 422 portes
661 325 832 424 locosque
857 323 1015 425 clipeata.
1055 325 1115 388 185

54 514 124 577 sius
156 512 333 591 retulerit,
367 531 428 597 pro
468 511 649 578 decoctore
685 510 872 594 Quinotium
913 519 948 579 et
985 533 1046 579 sua
1082 518 1116 579 et
1135 522 1283 631 ⁹333·

53 633 172 699 Naeuii
216 635 423 718 omniumque
464 635 620 718 opinione
655 633 762 699 Roma
799 635 984 719 proiectum
1021 652 1117 720 essa,
1135 643 1174 678 ⁸⁸²

55 754 217 820 Naeuium
232 758 342 819 autem
365 755 465 838 boni,
487 756 673 841 uigilantia,
695 758 888 841 strenuique
911 757 1116 840 patrisfami-

54 877 115 940 lias
149 875 261 943 ofdoio
290 875 457 962 iunctum,
493 877 548 961 qui
576 880 704 942 mature
732 878 919 962 domuerit,
955 881 992 941 ut
1025 879 1117 962 prius

55 1016 108 1062 res
141 996 320 1065 Gallioana
352 1017 414 1062 suo
442 1000 574 1062 nomine
602 997 849 1082 possideretur,
885 1016 980 1083 quam
1008 999 1116 1062 omnia

55 1116 247 1205 Quinctius,
278 1122 429 1203 tempore
460 1119 636 1204 spatioque
663 1118 761 1200 dato,
794 1121 962 1202 turbaret,
990 1119 1116 1185 distra-

54 1241 166 1327 heret,
203 1240 446 1326 fraudandique
481 1258 602 1307 caussa
643 1240 811 1323 auferret,
847 1239 991 1325 denique
1027 1240 1115 1326 quod

55 1361 284 1449 possideretur
307 1365 538 1447 praeterquam
560 1362 666 1425 solum
688 1359 770 1425 nihil
792 1357 1056 1446 relinqueret³⁸).

114 1479 188 1551 Sed
211 1472 295 1549 iaec
316 1483 534 1550 incertissIma
563 1485 651 1548 sunt.
694 1481 746 1548 lle
768 1487 886 1567 quarto
908 1487 1018 1549 aulem
1039 1483 1116 1549 loeo

59 1607 148 1670 satis.

114 1762 244 1828 Restat
272 1764 422 1848 quintus,
456 1764 510 1848 qui
539 1760 627 1828 hano
650 1763 812 1826 orationis
834 1765 961 1846 partem
983 1762 1116 1828 claudit.
1134 1764 1282 1864 ‘qumque

117 1881 325 1974 «Numquid
346 1888 400 1950 ert
421 1902 585 1969 romane,
606 1885 655 1950 sic
676 1885 724 1948 alt
746 1880 886 1968 Cicero,
910 1879 950 1948 0.
972 1881 1115 1973 Amulli,

63 2010 185 2094 «pariat,
205 2010 238 2071 ri
259 2006 357 2091 lonqe
379 2005 485 2070 uider
504 2005 660 2092 possedit
680 2022 784 2093 quom
806 2001 959 2070 Praetor
980 2006 1115 2096 edixit,

64 2131 148 2193 date
171 2145 220 2192 eu
241 2125 373 2192 Edicto
394 2145 464 2191 non
484 2123 731 2213 possederat·

115 2247 156 2314 ld
194 2267 276 2313 uoro
305 2247 482 2315 uerborum
510 2266 593 2313 sono
621 2249 707 2313 satis
734 2249 938 2335 speciosum,
973 2248 1116 2313 ueritate

63 2373 154 2456 alque
181 2370 256 2435 iure
284 2368 387 2434 nihilo
416 2385 488 2434 mea
508 2369 677 2435 sententia
702 2364 891 2443 ualidius³⁹)
914 2387 1010 2454 quam
1032 2386 1116 2454 quae

65 2496 157 2557 autea
176 2490 370 2576 repulimus.

117 2611 289 2678 Deiecerit
316 2629 399 2677 sane
428 2608 615 2692 Quinotium
637 2611 672 2676 in
694 2609 806 2679 Gallia
828 2610 978 2677 Naeuius
999 2615 1118 2676 contra

64 2752 150 2818 quam
181 2733 306 2799 Edicto
334 2733 507 2798 Praetoris
536 2737 688 2798 uetatur:
725 2751 865 2817 poenam
892 2731 1032 2796 daturus
1064 2736 1117 2796 est

63 2861 111 2920 aut
145 2857 215 2920 alia
245 2856 327 2919 iuris
355 2855 477 2939 publici
506 2856 671 2938 priuatiue
700 2853 905 2921 incommoda
938 2872 1116 2939 passurus,

63 2994 116 3042 neo
149 2980 263 3040 tamen
291 2979 473 3061 propterea
504 2975 604 3041 desiit
636 2977 724 3041 bona
754 2968 902 3057 Quinctii
930 2993 972 3040 ex
995 2974 1116 3040 Edicto

63 3096 241 3179 possidere.
297 3092 467 3182 Siquidem
490 3101 526 3162 ut
548 3096 591 3163 ad
614 3097 785 3162 formulam
809 3097 937 3180 ildico,
967 3114 1051 3181 quae
1073 3095 1116 3160 de

62 3217 275 3284 satisdatione
307 3221 376 3299 est,
411 3222 513 3304 atque
540 3217 583 3285 ad
611 3220 802 3303 sponsionis
824 3222 972 3283 tenorem
993 3216 1117 3283 redea-

64 3336 194 3426 nus⁴⁰)‚
232 3340 283 3406 sio
311 3340 482 3418 existimo,
520 3344 554 3404 et
582 3339 755 3405 Praetoris
777 3341 945 3405 sententia
967 3341 1001 3405 et
1024 3338 1117 3424 peri-

65 3465 161 3526 torum
192 3461 474 3547 interpretatione
504 3464 538 3524 et
573 3462 696 3526 usitato
727 3463 891 3527 sermonis
917 3479 1044 3551 genere
1072 3478 1117 3526 ea

91 3719 135 3779 38)
152 3720 329 3771 Nimirumde
338 3719 457 3782 Quinctii
468 3720 558 3770 uitoet
614 3720 1005 3782 «internecumcopiditme...
1016 3718 1115 3773 inissa»

69 3809 176 3858 moribus
190 3808 272 3871 ionga
287 3808 367 3858 alitor
383 3808 557 3859 Hortensium
613 3808 662 3858 rel.
689 3806 768 3859 dont.
785 3823 833 3871 pro
846 3809 879 3871 Q.
894 3810 990 3860 lioaoio
1008 3822 1033 3859 o.
1046 3808 1073 3860 6.

69 3893 154 3946 dixisse
172 3910 256 3960 quam
274 3896 308 3946 do
321 3896 353 3958 Q.
373 3896 462 3946 lioaoii
481 3897 557 3948 Salu-
648 3896 693 3957 ³9)
713 3896 853 3947 Couaeuiit
874 3911 981 3949 mecum
998 3897 1117 3948 Klotzio·

71 3983 141 4045 riom,
156 3998 186 4034 ex
201 3998 226 4034 e.
242 3984 287 4033 26·
303 3983 477 4046 intelligitur:
498 3985 559 4036 «Da
615 3986 648 4036 od
668 3998 692 4034 o.
712 3985 757 4035 26.
776 4001 803 4050 p.
822 3985 884 4038 587.

70 4073 307 4134 «cuiusquamuita
323 4072 449 4123 tudinem
469 4076 557 4128 audes,
648 4070 694 4138 io)
716 4074 782 4125 Vide
807 4088 832 4125 o.
863 4074 891 4125 ⁸.
918 4076 962 4126 27.
990 4079 1016 4125 ot
1035 4085 1114 4137 sopra

71 4163 125 4222 tqni
143 4162 193 4211 hoc
216 4159 557 4223 cenomannensem,
615 4160 643 4226 ὅ.
664 4167 689 4213 1.
709 4178 735 4228 p·
755 4163 782 4214 t.
801 4162 847 4213 27.
