3114 5046
331 395 393 459 ιιι)
458 370 556 477 cap.
584 373 618 448 1.
661 370 725 447 De
748 374 834 447 iure
859 393 1021 446 euneaue
1049 367 1268 447 Tullium.

172 576 320 617 meranen-
391 554 467 637 Qua
497 555 628 621 ratione
660 553 787 638 placuit
822 543 884 632 (ut
915 554 950 616 ln
984 549 1198 642 Argumenta
1231 549 1394 619 lluaelrkll

187 643 238 674 'm'
330 666 556 760 inuentum),
577 677 676 741 talam
699 674 772 740 iere
786 674 959 739 ciceronis
974 671 1037 739 hae
1052 676 1150 759 parte
1165 692 1302 740 sensum
1318 691 1396 740 era-

331 802 518 884 tlenemque
541 797 662 863 fnisse:

392 919 590 1005 Intelligere
611 918 767 1003 coepisse
782 915 1021 1006 Aeerrnnlnrn,
1043 915 1154 1002 deeipl
1177 936 1216 983 se
1238 936 1261 983 a
1283 917 1396 1000 Fabio,

330 1046 450 1107 eontra
475 1058 556 1106 uere
584 1057 622 1105 ae
646 1057 667 1104 a
689 1038 798 1105 'inille
822 1037 863 1104 (le
885 1041 961 1128 agri
983 1039 1102 1104 auibus
1124 1056 1201 1105 ease
1223 1039 1394 1123 ellectum

330 1165 511 1247 prepterea
543 1163 749 1246 paenituisse
782 1178 855 1226 eum
889 1178 987 1245 quum
1015 1159 1224 1249 adroganter
1254 1159 1394 1226 antehae

330 1283 459 1367 recepti
480 1281 578 1346 'lulla
602 1285 670 1346 turn
692 1282 747 1348 uel
768 1284 909 1347 maxime
930 1284 1034 1348 tntiua
1049 1282 1251 1369 emptionis;
1275 1280 1391 1366 duplici

330 1403 386 1467 illa
409 1404 616 1486 poenitentla
636 1405 746 1468 netum
769 1403 989 1469 Acerranium
1012 1406 1117 1489 pauno
1138 1423 1178 1468 ae
1199 1403 1291 1487 apnd
1313 1401 1391 1468 'lul-

330 1524 408 1591 lium
430 1522 472 1589 de
494 1526 568 1589 teta
588 1523 647 1589 illa
667 1541 706 1589 re
728 1526 867 1590 comiter
882 1527 1098 1592 exeusaulsae
1113 1524 1388 1609 offensionemque

330 1642 545 1728 deprecatum
567 1662 664 1730 eane,
686 1644 924 1712 deindeFable
946 1648 1144 1729 emptionem
1166 1647 1387 1724 renunciasse,

329 1783 371 1833 ne
393 1767 586 1849 pecuniaria
608 1765 750 1851 quadam
772 1770 902 1834 iactura
922 1768 1011 1832 ultre
1033 1768 1068 1831 in
1089 1785 1127 1832 aa
1145 1771 1308 1853 nemeepta
1324 1770 1385 1830 lete

330 1884 468 1975 negotio
501 1904 578 1952 nese
611 1888 800 1954 exsoluisse
828 1904 869 1954 ae
894 1888 1099 1954 liberaulsse.
1141 1884 1203 1954 Sie
1225 1889 1384 1965 euenisse,

330 2010 367 2072 nt
396 2022 504 2092 neque
533 2008 724 2093 incolumis,
752 2027 860 2095 neque
888 2014 999 2077 tamen
1021 2010 1122 2094 pinne
1143 2008 1298 2094 perditus
1319 2006 1383 2071 inde

330 2127 508 2215 euaderet,
530 2129 589 2196 aed
612 2130 742 2198 medice
763 2130 962 2197 detrimento
983 2129 1143 2216 allectus,
1172 2129 1204 2195 ιι.
1227 2149 1257 2196 e.
1278 2148 1382 2197 aearu-

330 2249 484 2317 stitutus.

394 2368 523 2456 Atquin
545 2371 622 2440 huie
641 2376 855 2442 coniecturae
869 2379 903 2440 at
918 2375 1186 2460 interpretationi
1203 2393 1272 2439 nnn
1290 2388 1382 2458 pauca

330 2490 486 2557 uidentur
508 2494 653 2560 obstare.

393 2611 505 2680 Primo
533 2615 627 2700 laen,
658 2622 695 2681 ut
717 2623 818 2685 antea
839 2621 959 2701 menul,
980 2619 1109 2683 minime
1129 2621 1283 2703 constat,
1309 2620 1339 2679 in
1357 2613 1383 2676 d.

331 2877 435 2925 «alonte
459 2874 546 2937 faeere
566 2876 727 2943 lucturum),
756 2884 835 2944 utque
891 2879 1076 2932 Heinrieliue:
1103 2878 1196 2930 «Sana
1215 2879 1306 2929 tedere
1321 2873 1382 2938 apat

331 2977 386 3014 nee
408 2967 532 3016 eeeutute
554 2979 614 3016 eum
636 2967 742 3019 iumine
767 2971 835 3021 elua-
891 2970 1020 3020 «latinos
1040 2968 1183 3020 multarum
1203 2973 1260 3024 est,
1287 2974 1315 3017 ut
1330 2976 1383 3014 eun·

331 3053 424 3102 nmedl
450 3055 629 3106 semustilatus
655 3057 774 3120 elingit·
801 3083 833 3094 -
890 3061 1041 3109 natantium
1061 3065 1087 3108 et
1111 3058 1336 3120 exspectantium,
1359 3058 1383 3102 ιι

329 3140 493 3191 Hueelln‘ue:
516 3142 580 3193 «Ae.
602 3158 629 3207 q.
651 3158 677 3206 p.
696 3159 716 3194 ι.
732 3146 765 3197 de
779 3153 833 3197 lota
891 3148 1088 3198 «iudicantium
1133 3153 1161 3199 at
1197 3147 1381 3208 equitantium.

329 3242 380 3281 «re
392 3234 529 3282 excusauit
541 3232 616 3293 apud
626 3233 833 3290 Tullium-eam
889 3238 990 3287 «etlam
1021 3237 1185 3287 uincentium
1219 3233 1270 3297 (er
1302 3241 1382 3285 uetere

329 3317 437 3369 «Fabio
455 3325 544 3370 eutem
562 3321 636 3371 aneio
654 3335 703 3372 ane
722 3337 754 3372 ne
771 3336 832 3372 uen-
888 3336 903 3368 ι
912 3323 1072 3387 prouerbio,
1103 3324 1240 3374 Romanus
1276 3320 1383 3374 sedendo

328 3407 435 3457 «ultore
461 3420 551 3458 rerum
576 3409 613 3458 ud
636 3423 663 3460 ae
681 3424 735 3460 aen
751 3413 831 3472 perti·
889 3410 1004 3474 nuiuelt)
1028 3419 1055 3464 et
1073 3415 1094 3463 al
1114 3413 1180 3475 quid
1198 3413 1274 3463 allud
1296 3412 1381 3461 laeten-

328 3496 465 3544 nnenta'um
483 3496 549 3560 quid
568 3499 664 3562 aperit,
692 3513 746 3549 nen
764 3512 830 3550 eom·
889 3503 980 3552 atium.
1001 3501 1101 3551 Tamen
1118 3508 1208 3551 uerter
1222 3505 1265 3552 ulr
1279 3503 1381 3564 optinui

327 3585 404 3644 apert
412 3597 420 3638 ‚·
440 3590 509 3634 eerte
521 3585 684 3637 uehementer
695 3588 831 3652 protulere·
888 3591 1015 3639 eaenulnl
1029 3593 1094 3640 ultle
1108 3590 1152 3640 lale
1162 3588 1252 3650 tedet,
1273 3596 1313 3648 et.
1326 3590 1380 3638 lun

328 3671 401 3720 «allai
416 3675 515 3732 petent.
544 3674 569 3722 el
595 3687 629 3724 ee
647 3677 830 3738 nepotianum
887 3682 1009 3741 «integra
1036 3687 1093 3730 erat
1110 3680 1193 3730 huius
1221 3679 1272 3729 leel
1296 3680 1377 3729 eratlo.

327 3760 455 3811 «aomina
483 3763 614 3812 eiuamodl
640 3763 829 3815 semustulatua
886 3779 980 3817 «nune
994 3767 1224 3827 ιιΙιιιιΙιιιιιιι,
1244 3765 1377 3819 alelenala

327 3847 472 3911 «effugit»
507 3872 534 3885 -
567 3851 636 3902 Ante
666 3851 758 3902 Melus
786 3866 828 3904 ιι.
887 3868 952 3906 nme
979 3854 1089 3917 lullum,
1116 3858 1263 3920 possedit.»
1293 3881 1318 3893 -
1344 3851 1375 3899 lit

327 3937 420 3986 aaeuet
438 3950 537 3990 ereren
557 3943 722 4002 retinuerat,
745 3954 828 4004 quum
885 3943 990 4007 syllable
1004 3946 1117 3996 «mim»
1135 3947 1230 3997 Mutua
1243 3945 1373 3997 conteeant

325 4031 464 4076 munerata
504 4028 589 4079 «Fuit
623 4038 712 4083 autern
742 4032 829 4082 sedere
886 4035 1058 4096 «narniae»,
1078 4033 1248 4086 Heinriehe'ut
1268 4029 1371 4086 aaut·

327 4125 400 4163 auen
419 4126 477 4164 raro
498 4117 568 4178 apud
588 4117 694 4170 Latinus
715 4120 828 4171 uerbum
886 4123 1051 4175 «erimine».

325 4202 584 4263 «supplicantium
616 4231 644 4246 -
676 4208 717 4259 Ad
757 4221 827 4272 quae
