3114 5046
204 346 243 424 5.
267 335 309 410 d.
362 329 544 434 Referam
571 329 661 407 Non
684 331 890 408 deiecisset
911 334 1048 409 obstiti.
1102 330 1166 399 aaa

155 533 373 603 recensendis
395 532 558 624 gradiim
581 532 829 619 generibusque
857 533 1082 617 possessione
1103 549 1165 597 ea-
1183 538 1335 639 mam-⁶·

155 642 240 742 s'que
265 675 392 736 rerum,
422 673 508 741 quae
528 655 636 719 instar
653 654 777 719 habent
799 653 1041 738 possessionis,
1076 654 1166 720 inira

155 778 288 844 nursicus
320 780 568 862 possessionem
599 776 868 843 detentionemue
894 794 1068 862 numquam
1104 778 1168 845 de-

155 898 316 965 uiderunt

162 1016 239 1088 Sed
261 1023 368 1086 onais
390 1019 474 1087 iaaec
494 1039 616 1087 caussa
635 1020 746 1084 aiiena
766 1019 847 1105 init,
885 1038 952 1084 uon
974 1018 1082 1085 dican
1103 1015 1169 1086 Oi·

155 1148 241 1209 uaaia
265 1147 401 1229 aetate,
431 1145 466 1207 at
488 1141 675 1207 interdicto
700 1140 743 1205 de
765 1145 803 1206 ui
823 1139 1018 1208 domatibus
1039 1144 1172 1208 consus

155 1267 317 1350 adsue,
353 1280 420 1348 quo
444 1265 516 1327 iure
550 1264 631 1329 tunc
663 1264 881 1328 coustitutum
908 1263 981 1327 init
1034 1260 1110 1344 Quo
1135 1264 1170 1329 in

155 1383 286 1451 crdioto
311 1403 408 1469 quum
427 1384 622 1470 possedisse
653 1388 808 1449 actorem
833 1401 900 1449 non
927 1387 1172 1471 requireretur,

155 1509 299 1573 cessario
336 1506 488 1590 quaestio
519 1505 704 1590 oriebatur,
746 1524 918 1594 quousque
945 1504 1081 1570 tandem
1107 1503 1172 1572 iaoc

155 1626 320 1695 ernistum
342 1644 409 1691 non
430 1625 617 1712 possidenti
640 1629 863 1712 competeret,
890 1628 962 1691 siue
983 1625 1061 1713 quid
1083 1630 1173 1692 iusta

155 1746 240 1815 idem
263 1750 478 1834 possessione
503 1747 667 1827 deterius,
703 1749 738 1810 at
764 1745 916 1812 aduenae
944 1748 1033 1812 iliius
1058 1746 1172 1813 habitu

155 1888 221 1938 nen
243 1872 359 1936 meiius
373 1870 573 1955 firmiusque,
591 1868 634 1934 ad
652 1868 750 1934 huius
767 1868 934 1937 interdicti
950 1871 1003 1935 ius
1020 1887 1061 1937 ac
1079 1887 1173 1937 cou-

157 1992 241 2061 dnnr
261 1990 518 2076 comparandum
539 1991 625 2057 satis
649 1995 750 2056 esset.
776 2006 780 2013 ·

170 2224 228 2293 Ex
257 2245 323 2312 quo
353 2245 450 2312 quun
472 2224 655 2307 eiiiotatur,
682 2222 764 2290 nihii
790 2244 884 2312 esse,
913 2244 974 2293 our
997 2244 1018 2292 a
1045 2245 1175 2313 propo-
1192 2247 1285 2314 rag-u
1300 2255 1323 2289 ιι

155 2368 173 2417 o
206 2347 331 2434 depeiii
366 2367 430 2412 nos
461 2349 624 2430 sinamus,
659 2366 726 2437 age
763 2345 952 2428 uideamus,
992 2348 1175 2416 secundum
1194 2311 1343 2415 {mg-”²⁸⁹

155 2471 329 2541 raideiates
353 2473 412 2533 aut
440 2468 656 2535 animaliter
678 2472 836 2534 teruntios
864 2487 1103 2558 quaegenera
1134 2490 1176 2539 sc

155 2590 242 2659 rdus
269 2590 396 2655 iueriut
425 2608 556 2670 eorum,
592 2590 669 2675 qui,
705 2590 836 2654 tametsi
866 2607 888 2655 a
924 2591 1178 2658 iurisconsultis

155 2715 240 2781 atris
262 2730 326 2778 nec
350 2711 524 2797 possidere
549 2729 612 2777 nec
639 2712 838 2775 naturaiiter
862 2715 979 2778 tenere
1010 2712 1178 2796 dicuntur,

155 2854 242 2919 ren,
279 2853 343 2920 quo
369 2837 518 2919 tempore
550 2850 672 2899 caussa
703 2831 785 2898 haec
818 2840 897 2898 acta
926 2837 995 2917 est,
1031 2852 1071 2898 eo
1102 2834 1177 2901 ioco

155 2960 336 3041 berentur,
359 2959 411 3038 ut,
432 2957 465 3020 ui
490 2954 677 3019 hominibus
697 2955 824 3020 coactis
847 2956 1025 3020 armatisne
1049 2953 1178 3020 detrusi

155 3078 318 3145 omousius
339 3095 383 3143 an
405 3077 470 3143 hoc
488 3076 667 3143 interdicto
688 3074 887 3141 restituendi
911 3080 1042 3163 essent,
1063 3078 1179 3163 quaeri

155 3200 234 3267 isan
257 3202 384 3285 posset.

175 3432 323 3500 Prinnn
349 3434 468 3520 igitur,
500 3431 788 3519 quemadmodum,
821 3435 876 3519 qui
906 3433 1043 3500 iunduu
1068 3438 1181 3520 possi-

155 3560 191 3640 t,
213 3556 324 3619 animo
342 3556 516 3621 continuat
538 3557 799 3639 possessiouem,
832 3555 962 3619 ettamsi
981 3557 1103 3622 colono
1123 3561 1184 3624 aut

155 3678 173 3740 ii
195 3694 271 3742 auur
298 3674 489 3759 tradiderit,
526 3677 580 3761 qui
608 3675 768 3760 deinceps
803 3678 876 3740 eius
912 3680 1044 3743 nomine
1072 3683 1183 3766 tenet;

155 3799 234 3865 neri
249 3802 375 3883 potest,
396 3796 493 3861 huius
513 3796 683 3864 interdicti
698 3799 749 3861 ius
763 3814 806 3861 an
824 3799 1039 3864 continuetur
1061 3801 1104 3884 ei,
1126 3803 1182 3887 qui

155 3937 295 4005 unquam
321 3917 487 4004 possedit,
522 3917 584 3984 sed
612 3919 810 3985 naturaiiter
835 3921 962 3983 tantum
992 3924 1117 4005 tenni,
1153 3925 1183 3988 si

156 4058 193 4107 se
225 4058 358 4127 quoque
386 4056 531 4126 corpore
562 4059 623 4105 suo
652 4039 694 4105 de
729 4037 834 4103 tundo
864 4040 912 4105 ita
941 4045 1102 4125 cesserit,
1145 4047 1183 4109 ut

155 4161 238 4230 »den
259 4159 358 4228 uodo
374 4161 474 4227 aiiuu
490 4163 565 4227 uice
583 4179 646 4227 sua
663 4160 899 4249 mistitueret,
920 4165 1026 4231 ueiuti
1043 4164 1185 4232 colonus
