3114 5046
534 1046 569 1132 S.
593 1047 627 1117 9.

224 1242 391 1329 Deferreto
413 1251 450 1312 to
471 1252 593 1330 parics
616 1247 772 1336 locosque
794 1248 942 1335 dtqcstn.

106 1419 206 1503 Quae
227 1420 336 1488 adhue
358 1421 400 1487 de
423 1423 494 1490 iure
516 1442 656 1491 caussae
679 1421 899 1504 Quinctianae
922 1423 1111 1509 disputant-

53 1563 131 1630 nus,
169 1544 270 1608 aliter
303 1543 453 1628 expediri
483 1565 550 1610 non
580 1549 777 1630 potuerunt,
814 1547 876 1610 nisi
905 1549 942 1609 ut
970 1547 1003 1610 in
1036 1548 1110 1630 ipso

54 1666 115 1728 iore
138 1667 302 1730 communi
324 1664 522 1731 illustrando
551 1670 686 1752 saepius
712 1686 754 1734 ae
779 1666 902 1732 diutius
924 1686 1110 1733 commoro-

56 1804 164 1851 remur.
209 1784 321 1867 Quare
342 1788 371 1853 si
393 1788 540 1853 fortasse
562 1807 804 1874 nonnumquam
821 1790 871 1853 tus
889 1788 987 1855 ciuile
1003 1790 1110 1877 magis

58 1904 169 1973 locere
203 1927 299 1993 quarn
332 1926 484 1974 caussam
522 1909 560 1974 P.
594 1908 741 1991 Quinctii
784 1911 999 1993 interpretari
1046 1912 1109 1975 nisi

59 2048 175 2111 somus,
212 2048 314 2115 spero
342 2032 556 2096 necessitatis
583 2033 702 2098 saltem
730 2034 979 2098 excusationem
1013 2033 1110 2098 nobis

61 2151 257 2230 profuturam
279 2169 364 2218 esse.

107 2310 274 2397 Reliqua,
310 2312 428 2396 quibus
459 2310 503 2376 ad
540 2310 740 2378 fulciendam
777 2309 923 2392 Quinctii
959 2330 1109 2378 caussam

61 2426 164 2496 lieero
186 2450 269 2496 usus
290 2435 363 2517 est,
384 2436 600 2520 argumenta,
628 2451 737 2517 neque
759 2452 801 2498 ea
821 2436 992 2520 grauitate
1013 2437 1109 2517 sunt,

63 2556 87 2613 nt
111 2554 297 2619 uberiorem
326 2554 460 2642 singola
488 2553 746 2638 disputationem
773 2558 963 2640 requirant,
1000 2572 1108 2639 neqne

60 2672 129 2738 adeo
166 2672 393 2762 negligenda,
430 2678 466 2739 ut
502 2694 639 2760 prorsus
674 2676 808 2741 silentio
843 2678 1109 2762 praetereantur.

60 2790 139 2872 Quae
169 2799 243 2880 ipsa
272 2815 404 2882 quoque
433 2798 461 2862 si
491 2799 524 2861 in
554 2816 594 2862 eo
628 2815 795 2882 essemus,
830 2800 868 2861 ut
895 2799 953 2860 out
981 2816 1108 2862 omnen
1174 2802 1178 2810 '

58 2914 207 3002 oretum,
243 2936 338 3002 quern
368 2919 448 2982 ioris
473 2921 508 2982 et
529 2920 739 3003 antiquitatis
759 2917 871 2982 studio
892 2916 977 2983 haec
1000 2920 1107 2984 oratio

57 3037 163 3119 offert,
177 3040 444 3124 perciperemus,
457 3043 515 3103 aut
537 3039 721 3124 perlectam
736 3040 988 3125 absolutamque
1004 3041 1108 3104 totius

56 3161 207 3223 orationis
228 3161 539 3244 interpretationem
562 3163 810 3243 praestaremus
817 3179 828 3247 3
850 3178 1003 3249 magnam
1024 3181 1107 3246 par-

56 3284 108 3345 tem
130 3281 236 3371 digna
258 3281 388 3367 t‘orent,
410 3300 495 3366 quae
518 3298 643 3346 summa
665 3300 738 3347 cum
756 3299 838 3347 cura
853 3285 886 3346 et
902 3286 1107 3348 excuteren-

55 3405 99 3464 tur
119 3407 154 3467 et
178 3403 436 3467 illustrarentur.

107 3523 204 3589 Nunc
234 3543 299 3609 quo
328 3543 441 3587 sumus
469 3523 661 3608 proposito,
694 3525 787 3587 iuuat
816 3522 899 3589 lraec
925 3524 1106 3587 summatim

58 3647 144 3728 alque
164 3648 252 3709 inter
273 3648 409 3711 caetera
428 3645 648 3729 perlustrare,
671 3642 748 3726 quid
769 3641 811 3708 ad
828 3662 980 3709 caussam
996 3642 1105 3729 quod-

62 3783 110 3842 que
142 3766 250 3830 ualeat
281 3771 315 3831 et
343 3785 409 3850 quo
439 3766 626 3849 reseratur,
661 3783 722 3847 per
748 3764 887 3830 indicem
915 3784 1103 3850 exponere,

64 3879 185 3970 lenique
207 3908 228 3951 a
250 3887 454 3974 singularum
487 3887 750 3971 selectaromque
781 3904 889 3951 rerum
916 3889 1102 3971 copiosiore

67 4005 201 4090 tractatu,
223 4010 256 4071 io
281 4027 345 4093 quo
367 4012 468 4073 antea
490 4011 614 4073 uersati
636 4027 758 4089 sumus,
781 4007 823 4073 nd
846 4011 1024 4075 uniuersae
1040 4008 1102 4073 de-

69 4119 206 4192 lrnsionis
230 4129 365 4193 sormam
387 4133 488 4212 atque
516 4131 690 4217 imaginem
712 4132 852 4195 animum
875 4137 1082 4196 conuertere.
