3114 5046
554 870 589 957 S.
615 875 652 942 7.

122 1034 292 1122 Defmrsto
313 1040 352 1101 iu
373 1035 466 1103 iocos
486 1036 623 1122 dipestu
646 1040 683 1100 ct
711 1034 873 1101 Virorum
894 1036 1075 1103 doctorum

497 1161 707 1223 rescientiae.

128 1315 229 1383 Nunc
250 1317 390 1405 cognitu
412 1322 478 1380 turn
500 1316 582 1381 iuris
602 1317 734 1381 ratione
756 1334 851 1401 quern
874 1317 1038 1401 prinruriis
1066 1313 1131 1381 de.
1205 1296 1208 1301 ’

70 1438 233 1504 tensionis
263 1437 364 1523 iocis,
398 1435 488 1501 unde
515 1433 681 1502 Caecinae
710 1438 762 1501 ius
790 1455 831 1503 oc
858 1444 1131 1523 recuperatorum

69 1558 223 1626 iudicium
244 1557 446 1645 pependisse
468 1557 618 1641 uidetur,
650 1558 812 1642 reliquum
834 1560 907 1640 est,
938 1562 976 1623 ut
997 1560 1132 1646 singule

68 1683 283 1771 arguments,
321 1698 387 1765 quo
420 1677 537 1745 ordine
565 1680 772 1764 consilioque
804 1681 946 1744 suntin
980 1682 1133 1745 oratione

69 1800 250 1889 disposite,
271 1819 334 1886 per
355 1799 495 1867 indicem
516 1818 768 1887 recenseamus,
790 1804 825 1864 et
847 1800 960 1887 sinui,
988 1800 1066 1885 quid
1088 1798 1132 1866 ed

68 1940 224 1991 museus
258 1920 463 2008 probandum
496 1922 751 2007 unumquodque
779 1922 938 2006 uoluerit,
975 1920 1134 1987 adhibitis

66 2044 224 2112 Virorum
245 2042 419 2110 doctorum
440 2043 610 2131 suiiregiis
630 2047 833 2128 reputemus

131 2162 209 2248 Quo
229 2165 305 2232 loco
327 2165 487 2230 neminem
518 2164 644 2254 fugiet,
676 2168 885 2250 quantopere
912 2164 996 2231 haec
1025 2165 1133 2229 orutio

62 2289 100 2353 in
133 2288 211 2353 totu
244 2285 503 2353 confirmationis
542 2286 851 2372 confutationisque
886 2288 1059 2353 structure
1092 2304 1135 2353 uc

60 2408 311 2494 compositione
333 2406 465 2473 diderat
486 2407 530 2473 ab
550 2408 628 2493 ilie,
658 2427 754 2493 quum
776 2413 878 2473 untes
900 2410 1135 2497 cognouimus‚

60 2528 305 2614 Qutrtctiurta3
338 2528 394 2594 ubi
424 2547 491 2593 non
524 2529 629 2593 scium
659 2530 872 2613 port-itionem
903 2530 1078 2618 ingeniose
1100 2531 1136 2595 et

59 2653 248 2739 eleganter
267 2667 289 2714 u
310 2651 474 2734 principio
496 2650 702 2734 propositum
725 2668 766 2717 ec
788 2650 949 2734 deinceps
975 2650 1135 2740 religiose

60 2774 300 2856 obseruatum,
322 2771 382 2837 sed
406 2774 504 2837 etium
526 2772 679 2860 singulus
700 2777 835 2857 partes,
857 2773 960 2837 certis
981 2772 1136 2837 membris

58 2894 323 2962 accuratissime
355 2891 497 2974 diuisus,
537 2892 679 2978 denique
723 2892 764 2957 ed
796 2890 980 2958 Hortensii
1011 2911 1135 2959 morem

61 3032 186 3081 omnes
218 3012 425 3080 defensionis
457 3015 551 3079 locos
584 3015 686 3078 uciuti
719 3016 752 3078 in
786 3013 901 3101 digitis
931 3016 1135 3081 constitutos

62 3135 257 3202 inuenturos
271 3133 308 3207 ¹).

128 3293 249 3380 Atque
270 3295 303 3358 in
324 3299 499 3381 prooemio
521 3293 651 3380 quidem
674 3287 795 3379 (capp.
819 3284 947 3375 1-4.)
967 3297 1052 3361 setis
1072 3312 1135 3362 co-

71 3418 165 3498 piooe
187 3419 320 3499 orator,
342 3413 613 3502 quemadmodum
636 3415 705 3480 fieri
727 3415 878 3495 adsolet,
900 3435 941 3482 ee
962 3417 1136 3501 praetatus

76 3542 138 3627 est,
174 3554 261 3622 quse
288 3540 397 3602 utrum
426 3555 507 3602 uera
535 3539 604 3602 sint
632 3556 676 3603 un
706 3537 809 3623 tuiso,
847 3556 889 3602 ex
923 3538 1136 3604 interioribus

79 3656 200 3725 demum
223 3657 429 3724 defensionis
449 3659 620 3744 portibus,
642 3660 697 3724 ubi
717 3661 751 3722 in
773 3659 916 3746 singulis
929 3661 1135 3748 argumentis

80 3783 105 3842 et
126 3776 362 3845 confirmandis
384 3784 418 3844 et
440 3779 629 3845 refutandis
651 3782 758 3845 oratio
781 3782 957 3860 uersatur,
989 3777 1134 3847 discerni

80 3897 310 3984 diiudicarique
348 3903 476 3986 potest;
520 3904 556 3965 ut
596 3918 676 3967 ecoe
717 3900 803 3986 quod
840 3904 1135 3987 recuperatoribus

108 4154 132 4215 i)
152 4153 219 4203 Vide
230 4165 309 4215 supro
322 4153 353 4203 L.
366 4152 388 4202 Ι.
404 4151 468 4214 Cup.
480 4152 502 4201 Ι.
517 4150 546 4215 ss.
560 4152 586 4202 u.
602 4165 630 4215 p.
644 4153 705 4203 172.
719 4166 797 4223 oedip
812 4160 839 4205 et
851 4166 903 4216 pro
915 4154 1036 4217 Quinctio
1050 4166 1073 4202 e.
1088 4153 1130 4202 iii.
