3114 5046
330 369 390 432 586
453 365 549 467 Gap.
577 367 611 440 1.
666 364 727 439 De
751 368 837 440 tere
863 386 1024 439 caussae
1053 361 1273 443 Tullianae.

185 579 245 619 ιι...
247 579 282 617 ι.
392 556 480 639 Quid
503 557 607 645 igitur
628 555 685 620 iiic
713 552 764 619 M.
787 552 957 620 [arcellae
986 556 1019 619 in
1052 554 1294 623 constituendo
1322 559 1389 621 toto

169 636 300 744 ἶφι
329 680 393 746 hoc
415 677 537 744 iudicio
559 680 734 762 spectasse
757 667 906 742 dicitur?

392 800 481 866 Nihil
504 802 597 884 prius
618 817 715 884 quam
734 795 904 883 familias.

394 918 570 989 Caeneum
589 916 708 987 Cicero
729 919 853 1002 refert,
881 937 968 1005 quae
994 917 1045 985 M.
1066 918 1260 986 [madium
1279 938 1392 987 moue-

329 1046 390 1128 rit,
411 1043 517 1109 refert
535 1042 660 1131 finem,
690 1060 785 1127 quem
806 1041 942 1123 assequi
963 1043 1125 1129 uoluerit,
1152 1040 1263 1108 refert
1282 1046 1392 1122 marn,

330 1185 426 1251 quam
455 1165 606 1251 intuerit,
642 1164 816 1251 remedio,
851 1181 936 1249 quae
965 1161 1171 1229 adhibuerit:
1209 1165 1333 1250 quibus
1362 1162 1393 1226 in

220 1324 222 1329 ·
329 1288 431 1353 rebus
452 1286 603 1352 omnibus
625 1302 706 1350 eece
725 1281 947 1368 familiarum
973 1286 1096 1370 ubique
1119 1285 1279 1370 primaria
1300 1287 1393 1351 ratio.

395 1402 569 1473 Cauarum
591 1398 752 1490 quaeris?
776 1401 939 1472 «Multae
957 1404 1120 1492 familiae
1141 1405 1345 1474 dicebantur
1359 1409 1390 1472 in

332 1529 451 1615 «agris
472 1528 666 1618 longinquis
693 1532 728 1593 et
754 1529 892 1612 pascuis
921 1532 1069 1593 armatae
1099 1546 1176 1594 esse
1204 1526 1393 1615 caedesque

332 1650 488 1735 siucere3
517 1666 625 1738 eoque
646 1648 855 1716 consuetudo
877 1668 945 1715 non
967 1651 1078 1715 solum
1095 1648 1139 1715 ad
1162 1667 1219 1715 res
1242 1651 1393 1735 priuato-

332 1790 441 1854 .rum,
473 1769 534 1836 scd
564 1770 608 1836 ad
637 1791 793 1839 summere
828 1772 1062 1856 rempublicam
1097 1773 1271 1856 pertinere
1298 1771 1392 1838 uide-

331 1888 532 1966 «batur.”²²)

390 2009 489 2081 Scire
527 2017 639 2103 cupis,
671 2014 749 2102 quid
780 2015 913 2100 assequi
942 2008 994 2079 M.
1020 2011 1190 2081 Lttmdiue
1224 2007 1389 2080 uoluenti

328 2134 456 2221 Nempe
491 2134 549 2200 -id
580 2138 765 2222 spectauit,
802 2140 839 2202 ut
868 2136 1017 2201 homines
1044 2138 1092 2201 ita
1118 2132 1284 2219 fumtltue
1311 2155 1388 2203 ntur

331 2258 592 2323 „continerent”
617 2251 723 2332 rel.²³)

392 2376 479 2459 Quid
502 2383 612 2444 autem
631 2376 685 2444 'de
712 2377 868 2459 remediis
889 2376 1150 2464 instituendique
1173 2377 1289 2446 iudicii
1309 2396 1385 2445 oon-

327 2501 401 2564 siiio
423 2518 464 2565 ac
486 2493 616 2565 modo?
666 2500 896 2588 Existimauit,
923 2498 1012 2585 apud
1040 2501 1199 2588 maiores,
1234 2502 1383 2588 quumet

328 2640 384 2686 res
420 2625 455 2686 et
487 2620 691 2706 cupiditates
723 2623 867 2687 minores
898 2625 1033 2710 essent,
1064 2624 1099 2687 ot
1129 2619 1296 2706 factitiae
1326 2637 1382 2686 uon

327 2761 470 2832 magnae
511 2763 632 2831 magno
673 2746 763 2808 metu
799 2745 1069 2832 continerentur,
1109 2746 1249 2828 praeter
1286 2745 1380 2831 legem

327 2861 507 2952 Aquiliam
528 2864 609 2928 nihii
633 2885 717 2949 opus
737 2864 843 2930 fuisse
865 2864 986 2932 iudicio
1009 2864 1051 2929 de
1074 2866 1105 2929 ui
1129 2867 1262 2931 coactis
1282 2881 1379 2930 arma-

328 2988 436 3070 tisque
459 2983 707 3073 hominibus²³);
730 2986 791 3052 sed
814 2987 865 3053 his
887 2989 1091 3071 temporibus
1113 2991 1258 3071 propter
1278 2986 1378 3052 malam

327 3127 490 3172 armorum
518 3108 791 3174 consuetudinem
820 3128 960 3175 necesse
987 3109 1117 3192 putauit
1140 3127 1235 3193 esse,
1264 3101 1376 3192 siquid

325 3229 466 3313 familia
496 3232 527 3292 ui
556 3229 742 3295 hominibus
770 3234 906 3296 armatis
933 3232 1105 3297 coactisue
1132 3232 1320 3315 nocuisset,
1350 3228 1376 3289 ei

326 3354 364 3413 tu
385 3355 589 3416 uitioeroom
615 3350 810 3438 familiam,
841 3372 908 3418 non
937 3353 1060 3418 noxale
1088 3352 1297 3441 singulorum
1323 3366 1374 3412 no-

326 3473 469 3535 centium
487 3474 635 3555 nomine,
657 3473 809 3539 iudicium
829 3472 910 3538 dare
929 3476 963 3538 et
984 3476 1246 3557 recuperatores
1267 3458 1372 3540 doro²⁵i

326 3596 360 3653 et
383 3610 523 3673 poenam
545 3596 735 3681 grauiorem
755 3597 971 3680 constituere,
993 3599 1028 3660 et
1047 3585 1136 3679 (quo
1157 3574 1265 3685 magis
1282 3606 1370 3679 appa·

325 3715 433 3797 reret,
456 3733 644 3803 oroomquom
663 3735 765 3804 poree
786 3715 943 3783 homines
965 3735 1085 3783 seruos
1106 3720 1184 3781 ture
1204 3735 1303 3783 emto
1321 3727 1367 3777 co·

359 3990 403 4053 aa)
422 3992 446 4039 a.
464 4006 503 4041 or.
517 3991 545 4054 5.
561 3994 587 4041 o.
922 3992 966 4058 aa)
984 3995 1019 4044 ’.5
1034 3992 1063 4058 5.
1075 3995 1102 4045 o.

358 4077 402 4141 oo)
421 4080 445 4126 a.
462 4093 501 4127 or.
517 4078 546 4142 5.
562 4081 587 4129 a.
921 4080 965 4145 25)
984 4083 1018 4132 a
1034 4081 1063 4146 5.
1081 4085 1125 4133 ro.
1147 4085 1184 4134 eo
1187 4085 1223 4135 nr.
1237 4082 1265 4148 5.
1275 4050 1311 4131 'u
