3114 5046
65 340 103 416 s.
122 327 163 403 3.
216 325 278 402 De
293 330 455 403 notionis
472 331 557 402 iuro
575 336 612 402 et
629 330 810 425 formula.
830 370 881 382 -
901 328 1029 432 Gripo.
1065 330 1129 392 588

65 517 130 583 bus
149 514 195 582 od
216 517 321 602 ipsum
342 516 429 603 lepis
450 513 614 606 Aquilius
635 516 688 581 ius
708 519 878 602 pertinere
895 519 969 583 uisu
982 520 1072 601 sunt,
1093 510 1127 572 in
1146 537 1297 588 someron

65 637 186 723 quibus
207 641 318 703 tomen
340 638 451 701 nulius
473 641 525 702 est
547 636 746 703 dubitationi
768 640 884 724 iocus,
906 640 986 724 quin
1007 655 1128 704 nouum

64 758 131 826 boe
152 757 306 826 iudicium
329 761 415 823 omni
437 777 500 824 suo
521 758 633 824 indoie
655 762 757 844 utque
782 762 903 825 nuturn
922 761 1128 846 aptissimum

64 898 107 947 ne
128 898 237 965 paene
258 883 482 946 necessarium
510 884 545 946 et
567 880 669 946 fuerit
691 883 725 947 et
753 880 900 946 hobitum
921 883 993 968 .sit;
1025 881 1129 946 ueluti

63 1020 187 1089 propes
206 1021 277 1068 riou
296 999 446 1087 fioruudi
466 1005 584 1067 urrisun
605 1001 724 1068 abacti
729 1050 740 1091 ,
774 1001 955 1089 erpustuta
976 1002 1129 1068 liberato

63 1118 317 1215 mogo&

126 1238 200 1312 Sed
229 1243 307 1331 quid
340 1237 504 1331 disputo?
556 1243 646 1311 Nibii
680 1250 732 1311 est
761 1252 827 1311 tom
856 1244 1010 1332 ditiioiie,
1039 1245 1128 1331 quod

61 1362 173 1431 tideus
192 1383 334 1433 caussae
357 1369 519 1451 patronus
534 1365 633 1433 odioii
655 1384 777 1433 ouussu
793 1386 860 1432 non
878 1368 1051 1454 suscipiat,
1072 1368 1128 1431 ni-

61 1485 110 1553 iul
131 1491 198 1553 tum
220 1487 357 1574 fulsum,
391 1487 479 1572 quod
501 1493 681 1573 praestans
703 1490 848 1555 oratoris
868 1490 1037 1578 ingenium
1059 1507 1127 1554 non

61 1610 176 1695 utiquo
196 1612 269 1675 ueri
289 1609 470 1694 splendore
491 1610 633 1697 imbuat,
655 1609 737 1674 nihii
759 1616 825 1675 tom
848 1612 1005 1697 stultum,
1038 1609 1127 1695 quod

60 1729 227 1821 urguendi
250 1730 390 1816 quodum
412 1730 611 1817 dicendique
632 1735 706 1796 urte
727 1751 794 1796 uon
817 1734 926 1817 possit
947 1733 1052 1798 stulto
1072 1735 1126 1796 iu-

60 1852 488 1938 dicireeuperutoribusuo
509 1852 688 1937 aliquando
711 1853 917 1938 persuaderi.
944 1854 996 1920 Ne
1013 1853 1127 1937 multu,

60 1972 152 2040 baud
180 1972 374 2040 incredibile
410 1973 487 2040 mibi
520 1974 669 2062 uidetur,
703 1946 882 2059 aliquando
918 1976 1031 2059 prtmis
1060 1975 1127 2038 illis

59 2094 269 2182 tenporibus
300 2096 333 2160 in
362 2094 426 2162 boc
459 2095 580 2161 iudicio
610 2096 653 2160 de
680 2099 719 2161 ut
745 2093 944 2162 borutuibus
973 2100 1125 2162 armatis

59 2220 238 2285 macrone
259 2219 318 2282 uut
339 2217 503 2284 occidisse
524 2222 584 2283 out
606 2235 712 2302 prope
734 2220 845 2283 tumen
866 2216 1004 2303 nsulsse,
1025 2221 1064 2281 ut
1084 2235 1124 2280 eo

59 2340 212 2426 nomine,
241 2336 328 2424 quod
351 2340 425 2423 quis
445 2343 640 2427 rapuisset,
670 2342 790 2404 eontra
818 2342 966 2405 ociorem
995 2337 1126 2404 iudicu-

59 2463 172 2547 retur,
201 2461 280 2546 quin
300 2460 335 2523 in
357 2460 524 2526 domuum
545 2461 650 2525 solum
673 2462 839 2543 concepta
859 2459 1002 2524 formula
1024 2461 1126 2540 esset,

59 2596 124 2649 uec
156 2581 280 2649 domm
310 2583 386 2648 loeo
422 2584 554 2648 censeri
587 2587 721 2667 posset,
753 2581 844 2671 pseud
872 2579 947 2667 lepe
980 2576 1126 2669 Aquilia

60 2722 131 2771 uon
152 2707 349 2769 terreretur:
378 2705 492 2788 itaque
524 2721 566 2769 ne
589 2701 749 2769 eiusmodi
772 2719 886 2767 errore
908 2704 1014 2766 totum
1035 2698 1125 2764 indi-

61 2820 145 2891 cium
167 2824 390 2890 indrmoretnr
408 2842 451 2890 uo
471 2827 665 2914 uitioretur,
688 2822 844 2910 prudenti
860 2823 999 2888 oonsilio
1015 2820 1125 2887 Proe-

89 3091 137 3158 ffl)
164 3090 196 3158 5.
213 3095 242 3145 ΙΙ.
261 3094 284 3145 Ι.
307 3094 348 3147 Ite
367 3096 423 3160 iugo
444 3096 562 3159 Aqoiitn.
621 3101 650 3145 ut
672 3095 804 3146 nuterioro
822 3092 903 3142 buius
921 3089 1003 3154 §pith
1023 3105 1038 3141 s
1055 3090 1124 3141 doto

65 3182 194 3236 «msod
207 3186 229 3234 si
246 3196 299 3235 uon
312 3197 423 3247 corpore
437 3184 563 3236 donnum
620 3183 696 3246 (ΙΙΙ,
711 3182 791 3240 uiti.)
804 3195 862 3234 osso
879 3184 971 3243 petits.
994 3205 1022 3216 -
1044 3178 1121 3230 coni.

65 3271 267 3325 «bonitatum
279 3310 288 3336 ,
299 3286 388 3338 neque
402 3286 498 3334 eorpus
512 3274 566 3324 ise·
620 3272 651 3321 i.
662 3273 689 3321 7.
712 3268 743 3333 ὃ.
755 3272 781 3320 “Ι.
803 3270 843 3322 lie
866 3270 937 3320 doio.
958 3265 1123 3330 (Ulpianus)

66 3370 143 3413 *sum
162 3360 264 3422 ruerit,
283 3362 330 3413 sed
350 3362 402 3413 ιΙΙο
423 3364 503 3412 modo
517 3362 564 3411 sii·
622 3361 719 3412 «iden
734 3358 821 3408 Lobso
840 3362 959 3422 quaerit.
975 3360 996 3407 si
1014 3368 1123 3418 compe-

67 3455 129 3505 ·uui
149 3451 277 3502 domuum
303 3454 460 3516 contignum
481 3465 563 3515 quum
623 3450 729 3499 «ditum
740 3461 847 3499 seruum
858 3460 958 3506 meunt,
972 3452 1001 3496 ut
1011 3444 1122 3508 fugeret,

65 3550 136 3593 ‘uon
158 3540 275 3591 suffleint
295 3552 384 3603 neque
402 3541 500 3591 diresin
517 3557 563 3593 no·
622 3539 770 3595 «uolueris,
787 3549 821 3587 ιιι
833 3538 864 3587 do
876 3538 938 3587 doio
951 3537 1022 3584 notio
1037 3531 1123 3584 drudo

65 3639 137 3693 iunu
157 3627 232 3679 utiiis
253 3628 316 3692 tegis
337 3628 460 3691 Aquilino
482 3634 562 3690 sotio,
622 3632 687 3678 usit.
730 3627 764 3675 Et
783 3630 820 3676 ιΙι
840 3626 953 3688 Quintus
970 3622 1042 3686 opud
1062 3633 1121 3672 eum

63 3719 203 3778 ΙιιΙιοιιΙΙ,
215 3729 292 3775 sum.
304 3720 349 3779 qui
364 3717 492 3769 obnoxius
506 3718 564 3769 ius·
622 3723 757 3767 unounsz
771 3720 792 3764 st
813 3727 866 3764 non
881 3711 1060 3764 misericordia
1073 3709 1122 3757 du·

58 3810 124 3863 ⁸¹¹⁸.
136 3809 165 3856 in
174 3805 273 3858 iscium
284 3809 389 3858 notione
400 3811 496 3867 teneri:
508 3809 563 3859 uei·
621 3813 701 3855 seius
715 3804 818 3860 iecisti,
833 3802 895 3851 iurti
910 3802 1024 3850 tenoris:
1039 3800 1060 3847 si
1075 3801 1123 3845 rui-

56 3898 121 3945 ·uti
140 3897 162 3944 ιΙ
184 3899 245 3954 uuis
260 3896 445 3947 misericordis
466 3897 562 3947 duetus
623 3892 805 3948 «sedendis,
827 3893 852 3940 in
873 3889 970 3940 inuium
988 3888 1121 3969 potionem

54 3983 204 4034 ‘alienum
241 3996 348 4035 seruum
383 3984 562 4046 compeditum
622 3983 700 4031 «duri
720 3980 846 4030 deberes
881 4003 910 4014 -
940 3973 1118 4027 iiddei..50.

54 4072 209 4131 «notuerit,
227 4078 256 4122 ui
276 4072 406 4136 ingeret.»
437 4072 563 4122 inimod·
621 4069 648 4133 ἕ.
660 4070 686 4119 d.
704 4070 742 4118 De
756 4067 842 4119 iuriis.
858 4067 888 4116 i.
899 4066 942 4118 55.
957 4061 1119 4116 Doridi-i).

53 4160 219 4211 uertendum
239 4167 289 4220 est,
310 4162 375 4212 Ιιιιο
393 4161 475 4212 uerbo
498 4174 560 4217 non,
