3114 5046
183 579 267 623 Tribuni
276 583 302 620 ab

170 640 248 680 Alfeno
263 651 301 690 ap·

169 697 248 750 pullati.

176 754 257 794 tritu.

339 367 398 430 ¹62
447 363 541 466 Gap.
568 366 601 442 1.
653 364 714 441 De
739 371 823 442 iure
849 392 1009 443 corusce
1038 367 1303 456 Quinctianae.

335 560 411 621 tore
432 559 543 622 tamen
564 562 665 642 alque
686 559 735 624 ad
754 562 950 638 sponsione
972 557 1224 623 iudicationem
1244 556 1289 622 ad
1319 559 1365 622 irr

333 679 402 741 tum
423 677 608 745 recidisset.

398 795 485 879 Quid
506 792 643 865 autem?
663 795 703 867 Sl
724 800 872 867 Naeuius
893 802 992 866 etiam
1014 801 1197 866 faciliorem
1219 799 1365 866 humaui«

331 937 466 1004 remque
494 940 533 987 se
562 923 789 1009 praebuisset,
821 922 972 1009 adeoque
1004 923 1149 987 monitus
1178 922 1223 986 ab
1250 920 1365 987 Altero

331 1059 479 1126 ceptum
500 1060 576 1109 esce
595 1040 717 1127 famae
744 1062 782 1111 se
809 1041 1029 1133 fortunisque
1059 1040 1101 1107 P.
1123 1040 1282 1125 Qulactli
1311 1061 1365 1108 col

330 1161 445 1226 scalere
467 1167 503 1227 et
524 1164 716 1231 adamatum
738 1169 812 1231 aare
834 1170 1040 1252 exspectare
1051 1158 1105 1247 ³⁵),
1133 1165 1290 1248 protinus
1319 1181 1365 1228 seo

331 1286 544 1372 collegisset,
576 1285 831 1354 misericordiam
854 1288 1018 1370 cepisset,
1047 1287 1252 1370 comlterque
1273 1302 1365 1349 more

330 1425 455 1497 gerens
475 1406 725 1492 respondisset,
745 1426 783 1472 se
799 1409 1167 1490 ueroexspeetaturum
1182 1423 1277 1491 esse,
1300 1404 1365 1470 dun

330 1526 426 1592 modo
449 1531 543 1594 certo
559 1527 613 1593 die
629 1526 804 1609 Quinctios
822 1530 1015 1610 sisteretur3
1037 1525 1181 1613 denlque
1196 1528 1239 1592 ab
1257 1526 1365 1592 Alfen

331 1647 446 1714 Idibus
474 1644 729 1734 Septembribus
755 1647 944 1731 Quinctium
971 1648 1046 1713 sisti
1074 1649 1256 1732 stlpulatus
1288 1666 1365 1713 esse

331 1766 508 1850 Quinctius
525 1775 634 1837 autem
656 1769 690 1835 id
713 1769 933 1836 uadimonium
954 1788 997 1835 ex
1019 1768 1084 1835 fide
1106 1770 1262 1835 obiisset:
1285 1788 1365 1833 nom

330 1890 385 1955 uel
413 1891 447 1955 ln
475 1909 516 1957 ea
544 1894 659 1976 speeie
680 1894 770 1957 luter
790 1909 905 1956 omnes
926 1893 1138 1975 conueniret,
1167 1894 1263 1956 reete
1285 1889 1365 1971 Quia

331 2013 432 2076 etium
452 2014 624 2078 absentem
646 2031 721 2078 esse
742 2012 934 2096 defensum,
963 2031 1071 2097 neque
1093 2013 1193 2076 ullum
1216 2013 1270 2076 ius
1292 2010 1365 2076 dun

331 2133 439 2217 uisse,
461 2153 525 2218 quo
549 2134 636 2198 bona
658 2134 730 2198 eius
751 2152 794 2198 ex
815 2133 938 2199 Edicto
961 2137 1020 2198 aut
1042 2133 1299 2218 posslderentur
1320 2131 1365 2198 dio

332 2255 399 2318 tius
419 2257 477 2318 aut
499 2253 620 2320 abhinc
642 2272 803 2338 possessa
824 2273 901 2319 esse
922 2246 1178 2320 iudicarentur?

395 2410 493 2477 Unde
521 2414 584 2477 lam
614 2417 732 2496 parata
754 2412 888 2478 uidetur
907 2411 952 2477 ad
974 2414 1079 2497 lpsam
1099 2431 1170 2477 rem
1192 2415 1284 2478 inter
1303 2411 1365 2479 Nm

332 2535 417 2597 ulum
440 2536 475 2598 et
496 2532 655 2597 Alfenum
676 2537 785 2599 aetam
808 2535 972 2598 transitio.

394 2650 526 2739 Quippe
549 2655 581 2717 in
604 2653 667 2720 bae
687 2673 816 2740 quoque
831 2656 1069 2742 cognocimus,
1091 2655 1252 2720 Alfenum
1267 2655 1365 2723 Naeu

332 2774 551 2840 uadimonium
568 2776 772 2858 promisisse.
815 2773 855 2839 ld
877 2794 976 2860 uero,
998 2777 1025 2840 si
1048 2795 1121 2842 eum
1143 2779 1320 2861 superiore
1342 2779 1365 2843 il

332 2896 539 2978 uadimonio‚
572 2895 660 2980 quod
683 2896 843 2979 temporis
867 2914 987 2961 caussa
1011 2896 1121 2961 fictum
1144 2901 1364 2983 proposuimu

332 3019 423 3082 nulla
451 3035 488 3082 re
518 3017 580 3080 nlsi
608 3017 681 3081 loco
711 3014 935 3100 discreparet,
970 3019 1078 3082 altero
1117 3019 1250 3085 scillcet
1286 3038 1365 3087 cora

330 3138 493 3203 Praetore
522 3138 629 3202 altero
658 3136 748 3222 apud
776 3138 928 3202 tribunos
957 3139 1064 3221 plebis
1084 3143 1283 3225 contract03
1316 3149 1365 3208 sal

330 3259 405 3323 mllrl
430 3278 623 3344 persuasum
647 3263 716 3339 est,
738 3257 854 3323 eodem
876 3262 948 3324 inre
968 3263 1144 3345 utrumque
1159 3268 1365 3328 omnesaesl

332 3387 479 3444 maturos
500 3385 534 3445 et
557 3398 633 3444 esse
656 3385 689 3444 et
712 3380 832 3462 luisse,
865 3398 973 3463 neque
996 3378 1060 3446 boc
1082 3379 1126 3444 ad
1149 3379 1365 3449 defendendo

332 3498 519 3581 Quinctium
548 3502 718 3565 absentem
749 3502 874 3564 mlnore
903 3519 1039 3564 numero
1069 3520 1165 3586 quam
1192 3503 1276 3568 illud
1299 3503 1365 3573 hab

332 3628 436 3685 turos.
493 3621 576 3686 Nam
606 3621 773 3706 explorati
800 3623 882 3685 luris
911 3619 997 3686 duae
1023 3623 1143 3688 saltem
1164 3642 1222 3689 res
1245 3645 1365 3694 esseu

331 3741 467 3827 dentur,
487 3748 619 3830 prima,
644 3744 698 3826 qui
719 3760 741 3806 a
763 3748 981 3826 procuratore
1001 3744 1153 3810 absentis
1167 3745 1365 3817 defensione

333 3865 438 3926 minus
465 3863 596 3947 plenam
627 3864 744 3927 uolens
770 3865 958 3950 acceperit,
994 3882 1100 3949 eaque
1133 3872 1334 3936 contentum

333 3981 532 4068 ostenderit,
563 3986 592 4048 ei
616 3983 658 4048 de
680 3985 820 4050 absente
841 3991 934 4050 reete
958 4004 1023 4048 non
1047 3985 1191 4053 defenso
1214 3995 1313 4075 queri
1336 4014 1365 4059 ιιι

368 4206 412 4255 aa,
436 4205 499 4251 lldo
518 4220 540 4251 c.
562 4205 586 4250 6.
609 4219 629 4250 s.
651 4207 676 4252 li.
